This file was created with JabRef 2.2b2.
Encoding: GBK
@ARTICLE{JMP22-2433_1981,
  author = "M. Weiner",
  title = {Solution of Poisson's equation: beyond Ewald-type method.},
  journal = {J. Math. Phys.},
  year = 1981,
  volume = 22,
  number = 11,
  pages = 2433,
}

@ARTICLE{AP64-253_1921,
  author = "P. P. Ewald",
  journal = {Ann. Phys.},
  year = 1921,
  volume = 64,
  pages = 253,
}

@BOOK{Jackson,
	author = {D. Jackson}, 
	editor = {},
	title = {Classical Electrodynamics},
	publisher = {Wiley},
	year = {1975},
	address = {New York},
	edition = {2nd},
	volume = {},
	number = {},
	series = {},
	month = {},
	note = {},
	otherinfo = {}
}


%%%%%%%%%%%%%%%%%%%%%%%%%%%%%%%%%%%%%%%%%%%%%%%%%%%%%%%%% BOOKS_of_Basic_Theory %%%%%%%%%%%%%%%%%%%%%%%%%%%%%%%%%%%%%%%%%%%%%%%%%%%%%%%%%%
%%%%%%%%%% 量子化学 与 DFT %%%%%%%%%%%%
@BOOK{Xu-Li-I,
  author = {徐光宪，黎乐民},
  title = {\textit{量子化学-基本原理和从头计算法}\textrm{(上册)}},
  publisher = {科学出版社},
  year = {2001},
  address = {北京},
  edition = {1},
}

@BOOK{Xu-Li-II,
  author = {徐光宪，黎乐民，王德民},
  title = {\textit{量子力学-基本原理和从头计算法}\textrm{(中册)}},
  publisher = {科学出版社},
  year = {2001},
  address = {北京},
  edition = {1},
}

@BOOK{Parr-Yang,
  author = {R. G. Parr and W. Yang},
  title = {Density-functional theory of atoms and molecules},
  publisher = {Oxford University press},
  year = {1989},
  address = {New York},
}

%%%%%%%%%% 固体物理 与 DFT %%%%%%%%%%%%
@BOOK{Born-Huang,
  author = {M. Born and K. Huang},
  title = {Dynamical Theory of Crystal Lattice},
  publisher = {Oxford University Press},
  year = {1954},
}

@BOOK{Huang-Han,
  title = {\textit{固体物理学}},
  publisher = {高等教育出版社},
  year = {1988},
  address = {北京},
  author = {黄昆(原著)，韩汝琦(改编)}
}

@BOOK{XIE-LU,
	author = {谢希德，陆栋},
	editor = {},
	title = {固体能带理论},
	publisher = {复旦大学出版社},
	year = {1998},
	address = {上海},
	edition = {},
	volume = {},
	number = {},
	series = {},
	month = {},
	note = {},
	otherinfo = {}
}

@BOOK{Yanshousheng,
  title = {\textit{固体物理基础}},
  publisher = {北京大学出版社},
  year = {1998},
  address = {北京},
  author = {阎守胜}
}

@BOOK{Lizhengzhong,
  title = {\textit{固体理论}},
  publisher = {高等教育出版社},
  year = {2002},
  author = {李正中},
  address = {北京},
  edition = {2}
}

@PHDTHESIS{PHD-F.Salghetti-Drioli,
  author = {F. Salghetti-Drioli},
  title = {Magneto-Optical Kerr effect in the Plasma-Edge Region: Evidence for \textit{interpaly} between Drude Term and Interband Transitions.},
  school = {Swiss Federal Institute of Technology Z{\"u}rich},
  year = {1999},
  pdf = {D:\Works\Papers\eth13393.pdf}
}

@ARTICLE{PRB69-012406_2004,
  author = {G. Caimi and S. Broderick and H. R. Ott and L. Degiorgi and A. D. Bianchi and Z. Fisk},
  title = {Magneto-optical Kerr effect in Eu$_{1-x}$Ca$_x$B$_6$.},
  journal = {Phys. Rev. B},
  year = {2004},
  volume = {69},
  number = {1},
  pages = {012406},
  pdf = {D:\Works\Papers\CaimiPRB69.pdf}
}

@ARTICLE{PRB69-165111_2004,
  author = {J. Kunes and W. E. Pickett},
  title = {Kondo and anti-Kondo coupling to local moments in EuB$_6$.},
  journal = {Phys. Rev. B},
  year = {2004},
  volume = {69},
  number = {16},
  pages = {165111},
  pdf = {D:\Works\Papers\CaB6\PRB 69,165111 (2004) J. Kune-Kondo and anti-Kondo coupling to local moments in EuB6.pdf}
}

@ARTICLE{PRB71-075105_2005,
  author = {Jung-Ho Kim and Youngwoo Lee and C. C. Homes and Jong-Soo Rhyee and B. K. Cho and S.-J. Oh and E. J. Choi},
  title = {Optical spectroscopy study of the electronic structure Eu$_{1-x}$Ca$_x$B$_6$.},
  journal = {Phys. Rev. B},
  year = {2005},
  volume = {71},
  number = {7},
  pages = {075105},
  pdf = {D:\Works\Papers\CaB6\PRB 71,075105 (2005) Jung-Ho Kim-Optical spectroscopy study of the electronic structure of Eu1–xCaxB6.pdf}
}

@ARTICLE{PRB59-4720_1999,
  author = {M. C. Aronson and J. L. Sarrao and Z. Fisk and M. Whitton and B. L. Brandt},
  title = {Fermi surface of the ferromagnetic semimetal, EuB$_6$},
  journal = {Phys. Rev. B},
  year = {1999},
  volume = {59},
  number = {7},
  pages = {4720},
  month = {February},
  pdf = {D:\Works\Papers\EuB6\PRB 59, 4720 (1999) M. C. Aronson-Fermi surface of the ferromagnetic semimetal, EuB6.pdf}
}

@ARTICLE{PB388_99_2007,
  author = {Nirpendra Singh and Sapan Mohan Saini and Tashi Nautiyal and Sushil Auluck},
  title = {Theoretial investigation of the optical and magneto-optical properties of EuX (X=S, Se, and Te).},
  journal = {Physica B},
  year = {2007},
  volume = {338},
  pages = {99-106},
  pdf = {D:\Works\Papers\PB 388 99-106, (2007) N.Singh,S.M.Saini,T.Nautiyal,S.Auluck-Theoretical investigation of the optical and magneto-optical properties of EuX (X=S,Se,and Te).pdf}
}

@ARTICLE{PRB68-224305_2003,
  author = {Norio Ogita and Shinji Nagai and Naoki Okamoto and Masayuki Udagawa and Fumitoshi Iga and Masafumi Sera and Jun Akimitsu and Satoru Kunii},
  title = {Raman scattering investigation of RB$_6$ (R$=$Ca, La, Ce, Pr, Sm, Gd, Dy, and Yb).},
  journal = {Phys. Rev. B},
  year = {2003},
  volume = {68},
  number = {22},
  pages = {224305},
  pdf = {D:\Works\Papers\CaB6\PRB 68, 224305 (2003) N. Ogita-Raman scattering investigation of RB6(R=Ca,La,Ce,Pr,Sm,Gd,Dy,and Yb).pdf}
}

@ARTICLE{PRB58-14896_1998,
  author = {R. G. Goodrich and N. Harrison and J. J. Vuillemin and A. Teklu and D. W. Hall and Z. Fisk and D. Young and J. Sarrao},
  title = {Fermi surface of ferromagnetic EuB$_6$.},
  journal = {Phys. Rev. B},
  year = {1998},
  volume = {58},
  number = {22},
  pages = {14896},
  month = {December},
  pdf = {D:\Works\Papers\EuB6\PRB 58, 14896 (1998) R. G. Goodrich-Fermi surface of ferromagnetic EuB6.pdf}
}

@ARTICLE{PRB65-121102R_2002,
  author = {S. Broderick and B. Ruzicka and L. Degiorgi and H. R. Ott},
  title = {Scaling between magnetization and Drude weight in EuB$_6$.},
  journal = {Phys. Rev. B},
  year = {2002},
  volume = {65},
  number = {12},
  pages = {121102(R)},
  pdf = {D:\Works\Papers\Referance\PRB 65, 121102 (2002) S. Broderick-Scaling between magnetization and Drude weight in EuB6.pdf}
}

@ARTICLE{EPJB33-47_2003,
  author = {S. Broderick and L. Degiorgi and H. R. Ott and J. L. Sarrao and Z. Fisk},
  title = {Polar Kerr rotation of the ferromagnet EuB$_6$.},
  journal = {The Euro. Phys. J. B},
  year = {2003},
  volume = {33},
  pages = {47},
  pdf = {D:\Works\Papers\Curie Temperature\Eur Phys J B 33 (1) 47 (2003) S. Broderick-Polar Kerr rotation of the ferromagnet EuB6.pdf}
}

@ARTICLE{PRB46-12196_1992,
  author = {S. Kimura and T. Nanba and M. Tomikawa and S. Kunii and T. Kasuya},
  title = {Electronic structure of rare-earth hexaborides.},
  journal = {Phys. Rev. B},
  year = {1992},
  volume = {46},
  number = {19},
  pages = {12196},
  pdf = {D:\Works\Papers\CaB6\PRB 46,12196 (1992) S.Kimura-Electronic structure of rare-earth hexaborides.pdf}
}

@ARTICLE{ZPB102-83_1997,
  author = {S. Massidda and A. Continenza and T. M. de Pascale and R. Monnier},
  title = {Electronic structure of divalent hexaborides.},
  journal = {Zeitschrift F\"ur Physik B},
  year = {1997},
  volume = {102},
  pages = {83},
  pdf = {D:\Works\Papers\ZPB 102, 83 (1997) S. Massidda-Electronic structure of divalent hexaborides.pdf}
}

@ARTICLE{EPJB17-645_2000,
  author = {S. Massidda and R. Monnier and E. Stoll},
  title = {Electrionic structure of barium hexaboride.},
  journal = {The European Physical Journal B.},
  year = {2000},
  volume = {17},
  pages = {645},
  pdf = {D:\Works\Papers\EPJB 17, 645 (2000) S. Massidda-Electronic structure of barium hexaboride.pdf}
}

@ARTICLE{PRB61-4174_2000,
  author = {S. Paschen and D. Pushin and M. Schlatter and P. Vonlanthen and H. R. Ott},
  title = {Electronic transport in Eu$_{1-x}$Ca$_x$B$_6$.},
  journal = {Physical Review B},
  year = {2000},
  volume = {61},
  pages = {4174},
  pdf = {D:\Works\Papers\Cited\PRB 61 04174 (2000) S. Paschen-Electronic transport in Eu1–xCaxB6.pdf}
}

@ARTICLE{ZP52-555_1928,
  author = {F. Bloch},
  journal = {Z. Phys.},
  volume ={52},
  pages ={555},
  year = {1928},
}

@ARTICLE{PR51-846_1937,
  author = {J. C. Slater},
  title = {Wave functions in a periodic potential.},
  journal = {Phys. Rev.},
  year = {1937},
  volume = {51},
  pages = {846},
}

@ARTICLE{PR43-804_1933,
  author = {E. Wigner and F. Seitz},
  title = {On the construction of metallic solidum},
  journal = {Phys. Rev.},
  year = {1933},
  volume = {43},
  pages = {804},
}

@ARTICLE{PRA133-1399_1964,
  author = {L. F. Mattheiss},
  title = {Energy band for solid argon.},
  journal = {Phys. Rev. A},
  year = {1964},
  volume = {133},
  pages = {1399},
}

@BOOK{Herman-Skillman,
  author = {F. Herman and S. Skillman},
  title = {Atomic Structure Calculation Prentice-Hall},
  publisher = {Englewood Cliff},
  address = {New Jersey},
  year = {1963},
}

@ARTICLE{PR137-23_1965,
  author = {D. Liberman and J. T. Waber and D. T. Cromer},
  title = {Self-consistent-filed Dirac-Slater wave functions for atoms and ions. I. Comparison with previous calculation.},
  journal = {Phys. Rev.},
  year = {1965},
  volume = {137},
  pages = {23},
}

@ARTICLE{SSP26-104_1971,
  author = {J. O. Dimmock},
  title = {The calculation of electronic energy bands by augmented plane wave method.},
  journal = {Solid States Phys.},
  year = {1971},
  volume = {26},
  pages = {104},
}

@ARTICLE{PSSB36-447_1969,
  author = {V. V. Dyakin and R. F. Egorov and V. P. Shirokovskii},
  title = {On the problem of construction of the crystal potential.},
  journal = {Phys. Stat. Solidi B},
  year = {1969},
  volume = {36},
  pages = {447},
}

@ARTICLE{RPP44-139_1981,
  author = {D. D. Koelling},
  title = {Self-consistent energy band calculations.},
  journal = {Rep. Prog. Phys.},
  year = {1981},
  volume = {44},
  pages = {139},
}

@ARTICLE{PRB13-5362_1976,
  author = {N. Elyashar and D. D. Koelling},
  title = {Effect of non-muffin-tin terms in the electronic structure of transition metals: Niobium.},
  journal = {Physi. Rev. B},
  year = {1976},
  volume = {13},
  pages = {5362},
}

@ARTICLE{PR153-931_1967,
  author = {{P. D. De Cicco}},
  title = {Self-consistent energy band and cohesive energy of potassium chloride.},
  journal = {Phys. Rev.},
  year = {1967},
  volume = {153},
  pages = {931},
}

@ARTICLE{PRB1-1318_1970,
  author = {D. D. Koelling and A. J. Freeman and F. M. Muller},
  title = {Shifts in the electronic band structure of metals due to non-muffin-tin potentials.},
  journal = {Phys. Rev. B},
  year = {1970},
  volume = {1},
  pages = {1318},
}

@ARTICLE{PLA33-414_1970,
  author = {R. L. Jacobs},
  title = {Effects of anisotropy on transition metal energy bands.},
  journal = {Phys. Lett. A},
  year = {1970},
  volume = {33},
  pages = {414},
}

@ARTICLE{PZ19-524_1918,
  author = {E. Madelung},
  journal = {Phys. Zeitschrift},
  year = {1918},
  volume = {19},
  pages = {524},
}

@BOOK{Tosi,
  author = {M. P. Tosi},
  editor = {F. Seitz and D. Turnbull and H. Ehrenreich},
  title = {Cohesion of ionic solids in Born model},
  publisher = {Academic},
  year = {1964},
  address = {New York},
  series = {Solid State Phys.},
  volume = {16},
  pages = {253},
}

@ARTICLE{PR117-1466_1960,
  author = {F. G. Fumi and M. P. Tosi},
  title = {Extension of Madelung method for the evaluation of lattice dums.},
  journal = {Phys. Rev.},
  year = {1960},
  volume = {117},
  pages = {1466},
}

@ARTICLE{PR181-1020_1969,
  author = {W. E. Rudge},
  title = {Generalized Ewald potential problem.},
  journal = {Phys. Rev.},
  year = {1969},
  volume = {181},
  pages = {1020},
}


@BOOK{Landau-Lifshitz,
  author = {L. D. Landau and E. M. Lifshitz},
  title = {The Classical Theory of Field},
  publisher = {Pergamon},
  year = {1971},
  address = {Oxford},
  volume = {2},
  series = {Course of Theoretical Physics},
}

@ARTICLE{PRB26-4571_1982,
  author = {M. Weinert and E. Wimmer and A. J. FreemaN},
  title = {Total-Energy all-electron density functional method for bulk solids and surfaces.},
  journal = {Phys. Rev. B},
  year = {1982},
  volume = {26},
  pages = {4571},
}

@ARTICLE{PR57-1169_1940,
  author = {C. Herring},
  title = {A new method for calculation wave function in crystals.},
  journal = {Phys. Rev.},
  year = {1940},
  volume = {57},
  pages = {1169},
}

@BOOK{Herring,
  author = {C. Herring and C. Kittel},
  title = {Exchange interactions among itinerant electrons},
  publisher = {Academic},
  year = {1966},
  address = {New York},
  volume = {IV},
  series = {Magnetism},
}

@BOOK{Euwema-Stukel-Collins,
  author = {R. N. Euwema and D. J. Stukel and T. C. Collins},
  editor = {P. Marcus and J. Janack and A. Williams},
  title = {Self-Consistent Orthogonalized Plane-Wave Calculation},
  publisher = {Plenum},
  year = {1971},
  address = {New York},
  series = {Computational Methods in Band Theory},
}

@ARTICLE{PR99-500_1955,
  author = {J. Callaway},
  title = {Electronic energy band in iron},
  journal = {Phys. Rev.},
  year = {1955},
  volume = {99},
  pages = {500},
}

@ARTICLE{PSSB94-51_1979,
  author = {O. V. Farberovich and S. I. Kurganskii and E. P. Domashevskaya},
  title = {Problems of the OPW-method. I. Transition metals.},
  journal = {Phys. Stat. Solidi B},
  year = {1979},
  volume = {94},
  pages = {51},
}

@ARTICLE{PSSB97-631_1980,
  author = {O. V. Farberovich and S. I. Kurganskii and E. P. Domashevskaya},
  title = {Problem of the OPW-method. II. Calculation of band structure of ZnS and CdS.},
  journal = {Phys. Stat. Solidi B},
  year = {1980},
  volume = {97},
  pages = {631},
}

@ARTICLE{JMP12-165_1971,
  author = {M. D. Girardeau},
  title = {Completely orthogonalized plane waves.},
  journal = {J. Math. Phys},
  year = {1971},
  volume = {12},
  pages = {165},
}

@ARTICLE{FMM50-928_1980,
  author = {B. A. Gurskii and Z. A. Gurskii},
  title = {Pseudopotential of the transition metals.},
  journal = {Fiz. Met. Metalloved},
  year = {1980},
  volume = {50},
  pages = {928},
}

@ARTICLE{PR81-385_1951,
  author = {J. C. Slater},
  title = {A simplification of Hartree-Fock method.},
  journal = {Phys. Rev.},
  year = {1951},
  volume = {81},
  pages = {385},
}

@ARTICLE{PR164-993_1967,
  author = {R. A. Deegan and W. D. Twose},
  title = {Modification to the orthogonalized-plane-wave method for use in transition metals: electronic band structure of Niobium.},
  journal = {Phys. Rev.},
  year = {1967},
  volume = {164},
  pages = {993},
}

@ARTICLE{AJP52-695_1984,
  author = {M. L. Cohen},
  title = {The Fermi atomic pseudopotential.},
  journal = {Am. J. Phys.},
  year = {1984},
  volume = {52},
  pages = {695},
}

@ARTICLE{NC11-157_1934,
  author = {E. Fermi},
  title = {Sopra lo spostamento per presiione delle righe elevate delle serie spettreti.},
  journal = {Nuovo Cimento},
  year = {1934},
  volume = {11},
  pages = {157},
}

@ARTICLE{JCP3-61_1935,
  author = {H. Hellman},
  title = {New approximation method in the problem of many electrons.},
  journal = {J. Chem. Phys.},
  year = {1935},
  volume = {3},
  pages = {61},
}

@ARTICLE{PR116-287_1959,
  author = {J. C. Phillips and L. Kleinman},
  title = {New method for calculation wave function in crystals and molecules.},
  journal = {Phys. Rev.},
  year = {1959},
  volume = {116},
  pages = {287},
}

@BOOK{Harrison,
  author = {U. Harrison},
  title = {Pseudopotentials in the Theory of Metals},
  publisher = {Benjamin/Cummins},
  year = {1966},
  address = {Menlo Park},
}

@ARTICLE{PM9-451_1964,
  author = {V. Heine and I. V. Abarenkov},
  title = {A new method for electronic structure of metals.},
  journal = {Phil. Mag.},
  year = {1964},
  volume = {9},
  pages = {451},
}

@ARTICLE{PM12-529_1965,
  author = {I. V. Abarenkov and V. Heine},
  title = {The model potential for positive ions},
  journal = {Phil. Mag.},
  year = {1965},
  volume = {12},
  pages = {529},
}

@ARTICLE{JPF2-270_1972,
  author = {M. Rasolt and R. Taylor},
  title = {Pseudopotentials from the variable phase approach to scattering theory.},
  journal = {J. Phys. F},
  year = {1972},
  volume = {2},
  pages = {270},
}

@ARTICLE{PRB11-2717_1975,
  author = {M. Rasolt and R. Taylor},
  title = {Charge densities and interionic potentials in simple metals: Nonlinear effect. I.},
  journal = {Phys. Rev. B},
  year = {1975},
  volume = {11},
  pages = {2717},
}

@ARTICLE{PRB11-2726_1975,
  author = {M. Rasolt and R. Taylor},
  title = {Charge densities and interionic potential in simple metals: Nonlinear effect. II.},
  journal = {Phys. Rev. B},
  year = {1975},
  volume = {11},
  pages = {2726},
}

@ARTICLE{JPF6-L271_1976,
  author = {S. S. Cohen and M. L. Klein and M. S. Duesbery and R. Taylor},
  title = {Corrections to a previous pseudopotential calculation of the elastic constants of sodium.},
  journal = {J. Phys. F.},
  year = {1976},
  volume = {6},
  pages = {L271},
}

@ARTICLE{PR174-769_1968,
  author = {R. W. Shaw},
  title = {Optimum form of a modified Heine-Abarenkov model potential for theory of simple metals.},
  journal = {Phys. Rev.},
  year = {1968},
  volume = {174},
  pages = {769},
}

@ARTICLE{PRB15-2154_1977,
  author = {S. G. Louie and J. R. Chelikowsky and M. L. Cohen},
  journal = {Phys. Rev. B},
  year = {1977},
  volume = {15},
  pages = {2154},
}

@ARTICLE{PRB12-4200_1975,
  author = {M. Schl\"uter and J. R. Chelikowsky and S. G. Louie and M. L. Cohen},
  title = {Self-consistent pseudopotential calculations for Si(111): unreconstructed (1$\times$1) and reconstructed (2$\times$1) model structures},
  journal = {Phys. Rev. B},
  year = {1975},
  volume = {12},
  pages = {4200},
}

@ARTICLE{PRB18-5449_1978,
  author = {A. Zunger and M. L. Cohen},
  title = {First-principles nonlocal-pseudopotential approach in the density-functional formalism: development and application to atoms.},
  journal = {Phys. Rev. B},
  year = {1978},
  volume = {18},
  pages = {5449},
}

@ARTICLE{PRB19-568_1979,
  author = {A. Zunger and M. L. Cohen},
  title = {Self-consistent pseudopotential calculation of the bulk properties of Mo and W.},
  journal = {Phys. Rev. B},
  year = {1979},
  volume = {19},
  pages = {568},
}

@ARTICLE{PRB20-4082_1979,
  author = {A. Zunger and M. L. Cohen},
  title = {First-principles nonlocal-pseudopotential approach in density-functional formalisum. II. Application to electronic and structural properties of solids.},
  journal = {Phys. Rev. B},
  year = {1979},
  volume = {20},
  pages = {4082},
}

@ARTICLE{PRB26-4199_1982,
  author = {G. B. Bachelet and D. R. Hamman and M. Schl\"uter},
  title = {Pseudopotential that work: from H to Pu.},
  journal = {Phys. Rev. B},
  year = {1982},
  volume = {26},
  pages = {4199},
}

@ARTICLE{PRL43-1494_1979,
  author = {D. R. Hamman and M. Schlutter and C. Chiang},
  title = {Non-conserving pseudopotentials.},
  journal = {Phys. Rev. Lett.},
  year = {1979},
  volume = {43},
  pages = {1494},
}

@ARTICLE{JPC13-L189_1980,
  author = {G. P. Koeker},
  title = {Non-singular atomic pseudopotential for solid state applications.},
  journal = {J. Phys. C},
  year = {1980},
  volume = {13},
  pages = {L189},
}

@ARTICLE{PRB32-8412_1985,
  author = {D. Vanderbilt},
  title = {Optimally smooth norm-conserving pseudopotentials.},
  journal = {Phys. Rev. B},
  year = {1985},
  volume = {32},
  pages = {8412},
}

@ARTICLE{PRB43-1993_1991,
  author = {N. Troullier and J. L. Martins},
  title = {Efficient pseudopotentials for plane-wave calculations.},
  journal = {Phys. Rev. B},
  year = {1991},
  volume = {43},
  pages = {1993},
}

@ARTICLE{PRL48-1425_1982,
  author = {L. Kleinman and D. M. Bylander},
  title = {Efficacious form for model pseudopotentials.},
  journal = {Phys. Rev. Lett.},
  year = {1982},
  volume = {48},
  pages = {1425},
}

@ARTICLE{PR91-528_1953,
  author = {J. C. Slater},
  title = {A generalized self-consistent-field method.},
  journal = {Phys. Rev.},
  year = {1953},
  volume = {91},
  pages = {528},
}

@ARTICLE{PR131-2529_1963,
  author = {H. Schlossee and P. M. Marcus},
  title = {Composite wave variational method for solution of the energy-band problem in solid.},
  journal = {Phys. Rev.},
  year = {1963},
  volume = {131},
  pages = {2529},
}

@ARTICLE{PRB12-3060_1975,
  author = {O. K. Andersen},
  title = {Linear method in band theory.},
  journal = {Phys. Rev. B},
  year = {1975},
  volume = {12},
  pages = {3060},
}

@ARTICLE{JPF5-2041_1975,
  author = {D. D. Koelling and G. O. Arbman},
  title = {Use of energy derivative of the radial solution in an augmented plane wave method: application to Copper.},
  journal = {J. Phys. F},
  year = {1975},
  volume = {5},
  pages = {2041},
}

@ARTICLE{PRB2-3098_1970,
  author = {H. Bross and G. Bohn and G. Meister and W. Schub\"o and H. St\"ohr},
  title = {New version of the modified augmented-plane-wave method.},
  journal = {Phys. Rev. B},
  year = {1970},
  volume = {2},
  pages = {3098},
}

@ARTICLE{PRB2-290_1970,
  author = {D. D. Koelling},
  title = {Alternative augmented-plane-wave technique theory and application to copper.},
  journal = {Phys. Rev. B},
  year = {1970},
  volume = {2},
  pages = {290},
}

@ARTICLE{JPF9-661_1979,
  author = {T. Takeda and J. K\"ubler},
  title = {Linear augmented plane wave method for self-consistent calculation.},
  journal = {J. Phys. F},
  year = {1979},
  volume = {9},
  pages = {661},
}

@ARTICLE{PRB19-6094_1979,
  author = {A. R. Williams and J. K\"ubler and C. D. Gelatt},
  title = {Cohesive properties of metallic compounds: Augmented-spherical-wave calculations.},
  journal = {Phys. Rev. B},
  year = {1979},
  volume = {19},
  pages = {6094},
}

@BOOK{Smrcka,
  author = {L. Smr$\check{\mathrm c}$ka},
  editor = {P. Ziesche},
  title = {Quadratic Version of the Augmented Plane Wave Method},
  publisher = {TU Dresden},
  year = {1982},
  address = {Dresden},
  series = {Proc. 12th Int. Symp. Electronic Structure of Metals and Alloys.},
  pages = {71},
}

@ARTICLE{PRB43-6388_1991,
  author = {D. J. Singh},
  title = {},
  journal = {Phys. Rev. B},
  year = {1991},
  volume = {43},
  pages = {6388},
}

@BOOK{Singh,
  author = {D. J. Singh},
  title = {Plane waves, pseudopotential and the LAPW method},
  publisher = {Kluwer Academic},
  year = {1994},
  address = {Boston, USA},
  pages = {74}
}

@ARTICLE{SSC114-15_2000,
  author = {E. Sj\"ostedt and L. Nordstr\"om and D. J. Singh},
  title = {An alternative way of linearizing the augmented plane-wave method.},
  journal = {Solid State Commun.},
  year = {2000},
  volume = {114},
  pages = {15},
}

@ARTICLE{PRB64-195134_2001,
  author = {G. K. H. Madsen and P. Blaha and K. Schwarz and E. Sj\"ostedt and L. Nordstr\"om},
  title = {Efficient linearization of the augmented plane-wave method},
  journal = {Phys. Rev. B},
  year = {2001},
  volume = {64},
  pages = {195134},
}

@ARTICLE{CPC59-399_1990,
  author = {P. Blaha and K. Schwarz and P. Sorantin},
  title = {Full-potential linearized augmented plane wave programs for crystalline systems},
  journal = {Comput. Phys. Commun.},
  year = {1990},
  volume = {59},
  pages = {399},
}

@MANUAL{WIEN2K-UG_2001,
  title = {User's Guide of WIEN2K, An Augmented Plane Wave Plus Local Orbitals Program for Calculating Crystal Properties},
  organization = {Vienna University of Technology, Inst. of Physical and Theoretical Chemistry, Getreidemarkt9/156, A-1060 Vienna/Austria},
  address = {},
  author = {P. Blaha and K. Schwarz and G. Madsen and D. Kvasnicka and J. Luitz},
  month = {November},
  year = {2001},
  pages = {10}
}

@ARTICLE{CPC147-71_2002,
  author = {K. Schwarz and P. Blaha and G. K. H. Madsen},
  title = {Electronic structure calcualtions of solids using the WIEN2k package for material sciences},
  journal = {Comput. Phys. Commun.},
  year = {2002},
  volume = {147},
  pages = {71},
}

@ARTICLE{P13-392_1947,
  author = {J. Korringa},
  title = {On the calculation of Bloch wave in a metal.},
  journal = {Physica.},
  year = {1947},
  volume = {13},
  pages = {392},
}

@ARTICLE{PR94-1111_1954,
  author = {W. Kohn and N. Rostoker},
  title = {Solution of the Schr\"odinger equation in periodic lattices with an application to metallic Lithium.},
  journal = {Phys. Rev.},
  year = {1954},
  volume = {94},
  pages = {1111},
}

@BOOK{Ziman,
  author = {J. Ziman},
  title = {Elements of Advanced Quantum Theory},
  publisher = {Cambridge Univ. Press},
  year = {1969},
  address = {Cambridge University, London},
}

@ARTICLE{MCP8-251_1968,
  author = {B. Segall and F. S. Ham},
  title = {The Green's function method of Korringa, Kohn and Rostoker for the calculation of electronic band structure of solid.},
  journal = {Methods Comput. Phys.},
  year = {1968},
  volume = {8},
  pages = {251},
}

@ARTICLE{PPS86-337_1965,
  author = {J. Ziman},
  title = {The T-matrix, the K-matrix, d-bands and dependent pseudopotential in the theory of metals.},
  journal = {Proc. Phys. Soc.},
  year = {1965},
  volume = {86},
  pages = {337},
}

@ARTICLE{PR145-599_1966,
  author = {J. C. Slater},
  title = {Green's-function method in the energy-band problem.},
  journal = {Phys. Rev.},
  year = {1966},
  volume = {145},
  pages = {599},
}

@BOOK{Nemoshkalenko-Aleshin,
  author = {V. V. Nemoshkalenko and V. G. Aleshin},
  title = {Theoretical Foundation of X-Ray Emission Spectroscopy},
  publisher = {Naukova Dumka},
  year = {1974},
  address = {Kiev},
  note = {in Russian},
}

@BOOK{Nemoshkalenko-Antonov,
  author = {V. V. Nemoshkalenko and V. N Antonov},
  title = {Computational Methods in Solid State Physics},
  publisher = {Gorodon and Breach Science},
  year = {1998},
  address = {Amsterdam, The Netherlands},
  pages = {91}
}

@ARTICLE{JPF11-1771_1981,
  author = {M. Jussouff and R. Zeller},
  title = {An efficient Korringa-Kohn-Rostoker method for complex lattices.},
  journal = {J. Phys. F},
  year = {1981},
  volume = {11},
  pages = {1771},
}

@BOOK{Andersen,
  author = {O. K. Andersen},
  editor = {P. Marcus and J. Janak and A. Williams},
  title = {Commnents on the KKR Wavefunctions, Extension of Spherical Wave Expansion Beyond the Muffin Tins},
  publisher = {Plenum},
  year = {1971},
  address = {New York},
  series = {Computational Methods in Band Theory.},
  pages = {32},
}

@ARTICLE{PRB4-1064_1971,
  author = {O. K. Andersen and R. V. Kasowski},
  title = {Electronic states as linear combinations of muffin-tin-orbitals.},
  journal = {Phys. Rev. B},
  year = {1971},
  volume = {4},
  pages = {1064},
}

@ARTICLE{SSC11-799_1972,
  author = {R. V. Kasowski and O. K. Andersen},
  title = {Muffin-tin orbitals in open structures.},
  journal = {Solid State Commun.},
  year = {1972},
  volume = {11},
  pages = {779},
}

@UNPUBLISHED{Andersen-unpub-1,
  author = {O. K. Andersen},
  title = {The Electronic Structure of Transition Metals.},
  note = {in Winter College on Electrons in Crystalline Solids},
  address = {IAEA, Vienna},
  year = {1972},
  otherinfo = {unpublished}
}

@ARTICLE{SSC13-133_1973,
  author = {O. K. Andersen},
  title = {Simple approach to the band-structure problem},
  journal = {Solid State Commun.},
  year = {1973},
  volume = {13},
  pages = {133},
}

@UNPUBLISHED{Andersen-unpub-2,
  author = {O. K. Andersen},
  title = {Band Structure of Transition Metals},
  note = {Mont Tremblant International Summer School.},
  year = {1973},
  otherinfo = {unpublished}
}

@BOOK{Skriver,
  author = {H. L. Skriver},
  title = {The LMTO Method. Muffin-Tin Orbitals and Electronic Structure},
  publisher = {Springer},
  address = {Heidelberg},
  year = {1984},
}

@BOOK{Ziesche-Lehmann,
  author = {P. Ziesche and U. A. Lehmann},
  title = {Ergebnisse in der electronentheori der Metalle},
  publisher = {Academie},
  year = {1983},
  address = {Berlin},
}

@ARTICLE{PSSB97-449_1980,
  author = {U. Fleck and H. Wonn and P. Ziesche},
  title = {An energy linearized scheme for relativistic band structure calculation with result for Cu, Ag, Au and Ir.},
  journal = {Phys. Stat. Solidi. B},
  year = {1980},
  volume = {97},
  pages = {449},
}

@ARTICLE{PRB29-2896_1984,
  author = {J. W. Davenport},
  title = {Linear augmented-Slater-type-orbital method for electronic structure calculations.},
  journal = {Phys. Rev. B},
  year = {1984},
  volume = {29},
  number = {6},
  pages = {2896},
}

@ARTICLE{PRB5-3894_1972,
  author = {J. C. Shaw and J. B. Ketterson and L. R. Windmiller},
  title = {Inversion of Fermi surface data using partial-wave phase shifts and their derivatives.},
  journal = {Phys. Rev. B},
  year = {1972},
  volume = {5},
  pages = {3894},
}

@ARTICLE{SSC11-395_1972,
  author = {M. A. C. Devillers},
  title = {Consequences of the conservation scheme of matrix element in an APW interpolation scheme for Fermi surface.},
  journal = {Solid State Commun.},
  year = {1972},
  volume = {11},
  pages = {395},
}

@ARTICLE{PRL27-1211_1971,
  author = {O. K. Andersen},
  title = {Crystal potential parameters from Fermi surface dimensions.},
  journal = {Phys. Rev. Lett.},
  year = {1971},
  volume = {27},
  pages = {1211},
}

@ARTICLE{PhysicaB91-317_1977,
  author = {O. K. Andersen and O. Jepsen},
  title = {Advances in the theory of one electron energy states.},
  journal = {Physica B},
  year = {1977},
  volume = {91},
  pages = {317},
}

@BOOK{Mackintosh,
  author = {A. R. Mackintosh and O. K. Andersen},
  editor = {M. Springford},
  title = {The Electronic Structure of Transition Metals},
  publisher = {Cambridge Univ. Press},
  year = {1980},
  address = {London},
  series = {Electrons at the Fermi-Surface.},
  pages = {149},
}

@BOOK{Andersen-Jepsen,
  author = {O. K. Andersen and O. Jepsen and D. Gl\"otzel},
  title = {Canonical Description of the Band Structure of Metals},
  publisher = {Soc. Italiana di Fisica},
  year = {1985},
  address = {Bologna},
  series = {Highlights of Condensed Matter Theory.},
}

@ARTICLE{PRL53-2571_1984,
  author = {O. K. Andersen},
  title = {Explicit, first-principles tight-binding theory.},
  journal = {Phys. Rev. Lett.},
  year = {1984},
  volume = {53},
  pages = {2571},
}

@ARTICLE{PRB37-10269_1988,
  author = {K. H. Weyrich},
  title = {Full-potential linear muffin-tin-orbital method.},
  journal = {Phys. Rev. B},
  year = {1988},
  volume = {37},
  pages = {10269},
}

@PHDTHESIS{Blochel,
  author = {P. Bl\"ochel},
  title = {Gesamtenergien, Kr\"afte und Metal-Halbeiter-Grenzfl\"achen.},
  school = {Stuttgart},
  year = {1988},
  type = {Ph. D. Thesis},
}

@ARTICLE{JCP87-7125_1987,
  author = {M. Sprinbord and O. K. Andersen},
  title = {Method for calculating the electronic structure of large molecules; helical polymers.},
  journal = {J. Chem. Phys.},
  year = {1987},
  volume = {87},
  pages = {7125},
}

@ARTICLE{PRB38-1537_1988,
  author = {M. Methfessel},
  title = {Elastic constants and phonon frequencies of Si calculated by a fast full-potential linear muffin-tin-orbital method.},
  journal = {Phys. Rev. B},
  year = {1988},
  volume = {38},
  pages = {1537},
}

@ARTICLE{PRB46-12181_1992,
  author = {S. Yu. Savrasov and D. Yu. Savrasov},
  title = {Full-potential linear-muffin-tin-orbital method for calculation total energies and force.},
  journal = {Phys. Rev. B},
  year = {1992},
  volume = {46},
  pages = {12181},
}

@ARTICLE{JPC5-97_1972,
  author = {D. G. Pettifor},
  title = {First principle basis functions and matrix elements in the H-NFE-TB representation.},
  journal = {J. Phys. C},
  year = {1972},
  volume = {5},
  pages = {97},
}

@BOOK{Wonn,
  author = {H. Wonn and P. Urwank and H. Woitteneck},
  editor = {P. Ziesche},
  title = {H-NFE-TB band structure calculations for transition metals at various lattice spacing},
  publisher = {Drezden TU},
  year = {1974},
  address = {Drezden},
  series = {Proc. 4-th Annual Int. Symp. Electronic structure of Metal and Alloys.},
  pages = {29},
}

@BOOK{Kane,
  author = {E. O. Kane},
  editor = {P. K. Wikkardson and A. C. Beer},
  title = {The $\vec k\cdot\vec p$ method},
  publisher = {Academic Press},
  year = {1996},
  address = {New York},
  volume = {I},
  series = {Semiconductors and Semimetals.},
  pages = {75}
}

@ARTICLE{JCP6-367_1938,
  author = {J. Bardeen},
  journal = {J. Chem. Phys.},
  year = {1938},
  volume = {6},
  pages = {367},
}

@BOOK{Seitz,
  author = {F. Seitz},
  title = {The Modern Theory of Solid},
  publisher = {McGraw-Hill},
  year = {1940},
  address = {New York},
  pages = {352},
}

@ARTICLE{SSP18-165_1966,
  author = {A. Nussbaum},
  title = {Crystal symmetry, group theory and band structure calculation.},
  journal = {Solid State Phys.},
  year = {1966},
  volume = {18},
  pages = {165},
}

@ARTICLE{PR144-390_1966,
  author = {G. Gilat and L. J. Raubenheimer},
  title = {Accurate numerical method for calculating frequency-distribution functions in solids.},
  journal = {Phys. Rev.},
  year = {1966},
  volume = {144},
  pages = {390},
}

@ARTICLE{PSSB54-469_1972,
  author = {G. Lehmann and M. Taut},
  title = {On the numerical calculation of the density of states and related Properties.},
  journal = {Phys. Stat. Solidi. B},
  year = {1972},
  volume = {54},
  pages = {469},
}

@ARTICLE{PRA139-489_1965,
  author = {D. Brust},
  title = {Band theoretic model of photoelectric effect in silicon.},
  journal = {Phys. Rev. A},
  year = {1965},
  volume = {139},
  pages = {489},
}

%% ----------------- $\vec k$-point Integration method ----------------- %%
@ARTICLE{PLA28-570_1969,
  author = {J. F. Janak},
  title = {Accurate Computation of the density of states of copper.},
  journal = {Phys. Lett. A},
  year = {1969},
  volume = {28},
  pages = {570},
}

@ARTICLE{AP67-15_1971,
  author = {F. M. Mueller and J. M. Garland and M. H. Cohen and K．H. Bennemannk},
  title = {Quadratic integration: Theory and application to the electronic structure of Platinum.},
  journal = {Ann. Phys.},
  year = {1971},
  volume = {67},
  pages = {15},
}

@ARTICLE{PRB7-891_1973,
  author = {G. Gilat},
  title = {Interpolation versus extrapolation in BZ-integration scheme.},
  journal = {Phys. Rev. B},
  year = {1973},
  volume = {7},
  pages = {891},
}

@ARTICLE{PRB7-5212_1973,
  author = {A. Baldereschi},
  title = {},
  journal = {Phys. Rev. B},
  year = {1973},
  volume = {7},
  number = {},
  pages = {5212},
  month = {},
  note = {},
  otherinfo = {}
}

@ARTICLE{PRB5-1276_1972,
  author = {J. F. Cooke and R. F. Wood},
  title = {Comparison of Brillouin-zone integration method: combined linear and quadratic interpolation.},
  journal = {Phys. Rev. B},
  year = {1972},
  volume = {5},
  pages = {1276},
}

@ARTICLE{PRB13-5188_1976,
  author = {H. J. Monkhorst and J. D. Pack},
  title = {Special points for Brillouin-zone integrations.},
  journal = {Phys. Rev. B},
  year = {1976},
  volume = {13},
  number = {12},
  pages = {5188},
  month = {June},
  note = {},
  otherinfo = {}
}

@ARTICLE{PRB16-1748_1977,
  author = {J. D. Pack and H. J. Monkhorst},
  title = {"Special points for Brillouin-zone integrations"--a reply.},
  journal = {Phys. Rev. B},
  year = {1977},
  volume = {16},
  pages = {1748},
  month = {August},
  note = {},
  otherinfo = {}
}

@ARTICLE{PRB8-5747_1973,
  author = {D. J. Chadi and M. L. Cohen},
  title = {Special Points in the Brillouin Zone.},
  journal = {Phys. Rev. B},
  year = {1973},
  volume = {8},
  number = {12},
  pages = {5747},
  month = {December},
  note = {},
  otherinfo = {}
}

@UNPUBLISHED{Cohen-unpub,
  author = {R. E. Cohen},
  year = {1989},
  note = {unpublished},
}

@ARTICLE{PRB49-16223_1994,
  author = {P. E. Bl\"ochl and O. Jepsen and O. K. Andersen},
  title = {Improved tetrahedron method for Brillouin-zone integration.},
  journal = {Phys. Rev. B},
  year = {1994},
  volume = {49},
  number = {23},
  pages = {16223},
  month = {June},
  note = {},
  otherinfo = {}
}
%% ----------------- $\vec k$-point Integration method ----------------- %%

@ARTICLE{PRL49-1691_1982,
  author = {J. P. Perdew and R. G. Parr and M. Levy and J. L. Balcluz},
  title = {Density-functional theory for fractional particle number: derivative discontinuities of the energy.},
  journal = {Phys. Rev. Lett.},
  year = {1982},
  volume = {49},
  pages = {1691},
}

@ARTICLE{PRL56-1968_1986,
  author = {O. Gunnarsson and K. Schonhammer},
  title = {Density functional treatment of an exactly solvable semiconductor model.},
  journal = {Phys. Rev. Lett.},
  year = {1986},
  volume = {56},
  pages = {1968},
}

@ARTICLE{PRB37-9919_1988,
  author = {A. Svane and O. Gunnarsson},
  title = {Localization in the self-interaction-corrected density-functional formalism.},
  journal = {Phys. Rev. B},
  year = {1988},
  volume = {37},
  pages = {9919},
}

@ARTICLE{PRB44-943_1991,
  author = {P. W. Anisimov and J. Zaanen and O. K. Andersen},
  title = {Band theory and Mott insulartor: Hubbard U instead of Stoner I.},
  journal = {Phys. Rev. B},
  year = {1991},
  volume = {44},
  pages = {943},
}

@ARTICLE{PR124-41_1961,
  author = {P. W. Andersen},
  title = {Localized magnetic states in metals.},
  journal = {Phys. Rev.},
  year = {1961},
  volume = {124},
  pages = {41},
}

@ARTICLE{PRB48-16929_1993,
  author = {V. I. Anisimov and I. V. Solovyev and M. A. Korotin and M. T. Czyzyk and G. A. Sawasky},
  title = {Density-functional theory and NiO photoemission spectra.},
  journal = {Phys. Rev. B},
  year = {1993},
  volume = {48},
  number = {23},
  pages = {16929},
  month = {December},
}

@ARTICLE{PRB43-7570_1991,
  author = {V. I. Anisimov and O. Gunnarsson},
  title = {Density-functional calculation of effective Coulomb interaction in metals.},
  journal = {Phys. Rev. B},
  year = {1991},
  volume = {43},
  pages = {7570},
}

@ARTICLE{PRB42-5459_1990,
  author = {F. M. de Groot and J. C. Fuggle and B. T. Thole and G. A. Sawatzky},
  title = {2p X-ray absorption of 3d transition-metal compounds: An atomic multiplet description including the crystal field.},
  journal = {Phys. Rev. B},
  year = {1990},
  volume = {42},
  pages = {5459},
}

@ARTICLE{JPCS56-1521_1995,
  author = {A. P. Antropov and B. N. Harmon and A. I. Liechtenstein and I. V. Solovyev and V. I. Anisimov},
  title = {Electronic structure and magneto-optical properties of Gd.},
  journal = {J. Phys. Chem. Solids},
  year = {1995},
  volume = {56},
  pages = {1521},
}

@ARTICLE{JPCM9-767_1997,
  author = {V. I. Anisimov and F. Aryasetiawant and A. I. Lichtenstein},
  title = {First-principle calculations of the electronic structure and spectra of strongly correlated system: the LDA+U method.},
  journal = {J. Phys.: Condence Matrer},
  year = {1997},
  volume = {9},
  pages = {767},
}

@ARTICLE{PRB54-R3706_1996,
  author = {P. M. Oppeneer and A. N. Yaresko and A. Ya. Perlov and V. N. Antonov and H. Eschrig},
  title = {Theory of the anomalous magnetic phase transition in UNiSn.},
  journal = {Phys. Rev. B},
  year = {1996},
  volume = {54},
  pages = {R3706},
  note = {Rapid Communications},
}

@BOOK{Landau,
  author = {L. D. Landau},
  title = {Sbornik Trudov},
  publisher = {Nauka},
  year = {1969},
  address = {Moscow},
  series = {[Collected Works]},
  note = {[in Russian]},
}

@BOOK{Lifshitz,
  author = {E. M. Lifshitz and L. P. Pitaevskii},
  title = {Statistical Physics},
  publisher = {Pergamon Press},
  year = {1980},
  address = {Oxford},
}

@ARTICLE{PR145-561_1966,
  author = {L. J. Sham and W. Kohn},
  title = {One-particle properties of an inhomogeneous interacting electron gas.},
  journal = {Phys. Rev.},
  year = {1966},
  volume = {145},
  pages = {561},
}

@ARTICLE{JPC4-2064_1971,
  author = {L. Hedin and B. I. Lundqvist},
  title = {Explicit local exchange-correlation potential.},
  journal = {J. Phys. C},
  year = {1971},
  volume = {4},
  pages = {2064},
}

@BOOK{Hedin-Lundqvist,
  author = {L. Hedin and S. Lundqvist},
  editor = {F. Seitz and D. Turnbull and H. Ehrenreich},
  title = {Effect of electron-electron and electron-phonon interactions of the one-electron states of solids},
  publisher = {Academic},
  year = {1966},
  address = {New York},
  volume = {23},
  pages = {1},
}

@ARTICLE{PR139-A796_1965,
  author = {L. Hedin},
  title = {New method for calculating the one-particle Green's function with application to the electron-gas-problem.},
  journal = {Phys. Rev.},
  year = {1965},
  volume = {139},
  pages = {A796},
}

@ARTICLE{PRB34-5390_1986,
  author = {M. S. Hybertsen and S. G. Louie},
  title = {Electron correction in semiconductors and insulators: Band gaps and quasiparticle energies.},
  journal = {Phys. Rev. B},
  year = {1986},
  volume = {34},
  pages = {5390},
}

@ARTICLE{PRL74-3221_1995,
  author = {F. Aryasetiawan and O. Gunnarsson},
  title = {Electronic structure of NiO in the GW approximation.},
  journal = {Phys. Rev. Lett.},
  year = {1995},
  volume = {74},
  pages = {3221},
}

@ARTICLE{EPL36-551_1996,
  author = {A. N. Yaresko and P. M. Oppeneer and A. Ya. Perlov and V. N. Antonov and T. Kraft and H. Eschrig},
  title = {On the nature of the absolute maximal magneto-optical Kerr rotation realized in CeSb.},
  journal = {Europ. Phys. Letters},
  year = {1996},
  volume = {36},
  pages = {551},
}

@BOOK{Greenaway-Harbeke,
  author = {D. L. Greenaway and G. Harbeke},
  title = {Optical Properties and Band Structure of Semiconductors},
  publisher = {Pergamon Press},
  year = {1968},
  address = {Oxford},
}

@BOOK{Grosso-Parravicini,
  author = {G. Grosso and G. P. Parravicini},
  title = {Solid State Physics},
  publisher = {Academic Press},
  year = {2000},
  address = {London},
  pages = {393},
}

@PHDTHESIS{Phd-Thesis-MO,
  author = {F. Salghetti-Drioli},
  title = {Magneto-Optical Kerr Effect in the Plasma-Edge Region: Evidence for Interplay between Drude Term and Interband Transitions.},
  school = {Swiss Federal Institute of Technology Z\"urich},
  year = {1999},
  address = {Z\"urich, Switzerland},
  type = {Phd Thesis},
  ISSN = {Nr. 13393},
  url = {http://e-collection.ethbib.ethz.ch/cgibin/show.pl?type=diss\&nr=13393\&lang=).},
}

@BOOK{Reim-Schoenes,
  author = {W. Reim and J. Schoenes},
  editor = {K. H. J. Buschow and E. P. Wohlfarth},
  title = {Ferromagnetic Materials},
  publisher = {Elsevier Science Publishers},
  year = {1990},
  address = {North-Holland, Amsterdam},
  pages = {133-236},
  note = {vol. 4 Chapter 5; Vol. 5 Chapter 2},
}

@ARTICLE{PSSB46-467_1971,
  author = {H. LeGall and J. P. Jamnet},
  journal = {Phys. Status Solidi B},
  year = {1971},
  volume = {46},
  pages = {467},
}

@ARTICLE{PR133-542_1964,
  author = {L. M. Roth},
  journal = {Phys. Rev.},
  year = {1964},
  volume = {133},
  pages = {542},
}

@BOOK{Schutz,
  author = {W. Sch\"utz},
  editor = {W. Wien and F. Harms},
  title = {Magnetooptik},
  publisher = {Akademischen Verlagsgesechaft},
  year = {1936},
  address = {Leipzig},
  edition = {1},
  volume = {16},
  series = {Handbush der Experimentalphysik.},
}

@ARTICLE{JMMM58-1_1986,
  author = {W. Reim},
  journal = {J. Magn. Magn. Mat},
  year = {1986},
  volume = {58},
  pages = {1},
}

@ARTICLE{PRB8-1239_1973,
  author = {J. L. Erskine and E. A. Stern},
  title = {Magneto-Optic Kerr Effects in Gadolinium.},
  journal = {Phys. Rev. B},
  year = {1973},
  volume = {8},
  number = {3},
  pages = {1239},
}

@ARTICLE{PRSLSA135-237_1932,
  author = {H. R. Hulme},
  journal = {Proc. R. Soc. London Ser. A},
  year = {1932},
  volume = {135},
  pages = {237},
}

@ARTICLE{PR97-334_1955,
  author = {P. N. Argyres},
  journal = {Phys. Rev.},
  year = {1955},
  volume = {97},
  pages = {334},
}

@ARTICLE{PR139-1504_1965,
  author = {B. R. Copper},
  journal = {Phys. Rev.},
  year = {1965},
  volume = {139},
  pages = {1504},
}

@ARTICLE{FMM17-481_1964,
  author = {A. N. Voloshinskii and G. A. Bolotin},
  journal = {Fiz. Met. Metalloved.},
  year = {1964},
  volume = {17},
  pages = {481},
}

@ARTICLE{PR83-208_1951,
  author = {C. Kittel},
  journal = {Phys. Rev.},
  year = {1951},
  volume = {83},
  pages = {208},
}

@ARTICLE{PR183-586_1973,
  author = {R. C. Fivaz},
  journal = {Phys. Rev.},
  year = {1973},
  volume = {183},
  pages = {586},
}

@ARTICLE{JAP55-2155_1984,
  author = {W. Reim. and O. E. H\"usser and J. Schoenes and E. Kaldis and P. Wachter and K. Seiler},
  journal = {J. Appl. Phys.},
  year = {1984},
  volume = {55},
  pages = {2155},
}

@CONFERENCE{Palik-Teitler,
  author = {E. D. Palik and S. Teitler and B. W. Henvis and R. F. Wallis},
  booktitle = {Proc. Int. Conf. on the Physics of Semiconductors.},
  year = {1962},
  pages = {288},
}

@ARTICLE{PR137-A448_1965,
  author = {H. S. Bennett and E. A. Stern},
  title = {Faraday Effect in Solid},
  journal = {Phys. Rev.},
  year = {1965},
  volume = {137},
  number = {2A},
  pages = {A448},
}

@ARTICLE{PRB49-10770_1994,
  author = {A. I. Liechtenstein and V. P. Antropov and B. N. Harmon},
  title = {Electronic structure and magneto-optical effects in CeSb.},
  journal = {Phys. Rev. B},
  year = {1994},
  volume = {49},
  number = {15},
  pages = {10770},
}

@ARTICLE{PRL77-944_1996,
  author = {R. Pittini and J. Schoenes and O. Vogt and P. Wachter},
  title = {Discovery of 90 degree Magneto-optical Polar Kerr Rotation in CeSb.},
  journal = {Phys. Rev. Lett.},
  year = {1996},
  volume = {77},
  number = {5},
  pages = {944},
}

@ARTICLE{PRB70-115211_2004,
  author = {D. B. Ghosh and Molly De and S. K. De},
  title = {Electronic structure and magneto-optical properties of magnetic semiconductors: Europium monochalcogenides.},
  journal = {Phys. Rev. B},
  year = {2004},
  volume = {70},
  number = {11},
  pages = {115211},
  pdf = {D:\Works\Papers\EuSTheoPRB70.pdf}
}

@PHDTHESIS{Phd-Thesis_Pittini,
  author = {R. Pittini},
  school = {Eidgen\"ossische Technische Hochschule Z\"urich},
  year = {1995},
  address = {Z\"urich, Switzerland},
  type = {Phd Thesis},
}

@ARTICLE{ZPB53-263_1983,
  author = {Yu. A. Uspenskii and E. G. Maksimov and S. N. Rashkeev and I. I. Mazin},
  journal = {Z. Phys. B},
  year = {1983},
  volume = {53},
  pages = {263},
}

@ARTICLE{JPSJ12-570_1957,
  author = {R. Kubo},
  journal = {J. Phys. Soc. Japan},
  year = {1957},
  volume = {12},
  pages = {570},
}

@ARTICLE{ZPB20-345_1975,
  author = {J. Schoenes},
  journal = {Z. Phys. B},
  year = {1975},
  volume = {20},
  pages = {345},
}

@ARTICLE{PRL58-65_1987,
  author = {H. Feil and C. Haas},
  journal = {Phys. Rev. Lett.},
  year = {1987},
  volume = {58},
  pages = {65},
}

@ARTICLE{PRL60-1988_1988,
  author = {J. Schoenes and W. Reim},
  journal = {Phys. Rev. B},
  year = {1988},
  volume = {60},
  pages = {1988},
}

@ARTICLE{JAP97-10A924_2005,
  author = {R. R. Urbano and P. G. Pagliuso and C. Rettori and P. Schlottmann and S. Nakatsuji and Z. Fisk and J. L. Sarrao and A. Bianchi and S. B. Oseroff},
  title = {Evolution from insulator ($x=0.003$) to metal ($x=1$) of the Eu$^{2+}$ local environment in Ca$_{1-x}$Eu$_x$B$_6$},
  journal = {J. Appl. Phys.},
  year = {2005},
  volume = {97},
  number = {10},
  pages = {10A924},
}

@ARTICLE{PRB71-184422_2005,
  author = {R. R. Urbano and P. G. Pagliuso and C. Rettori and P. Schlottmann and J. L. Sarrao and A. Bianchi and S. Nakatsuji and Z. Fisk and E. Velazquez and S. B. Oseroff},
  title = {Gradual transition from insulator to semimetal of Ca$_{1-x}$Eu$-x$B$_6$ with increasing Eu concentration.},
  journal = {Phys. Rev. B},
  year = {2005},
  volume = {71},
  number = {18},
  pages = {184422},
}

@ARTICLE{PRL96-016403_2006,
  author = {G. Caimi and A. Perucchi and L. Degiorgi and H. R. Ott and V. M. Pereira and A. H. Castro Neto and A. D. Bianchi and Z. Fisk},
  title = {Magneto-Optical Evidence of Double Exchange in a Percolating Lattice.},
  journal = {Phys. Rev. Lett.},
  year = {2006},
  volume = {96},
  number = {1},
  pages = {016403},
  month = {January},
}

@ARTICLE{PRS224A-336_1954,
  author = {H. C. Longuet-Higgins and M. de V. Roberts},
  journal = {Proc. R. Soc. London},
  year = {1954},
  volume = {224A},
  pages = {336},
}

@BOOK{Etourneau,
  author = {J. Etourneau and J.-P. Mercurio and P. Hagenmueller},
  editor = {V. I. Matkovich},
  title = {Boron and refractory borides},
  publisher = {Springer},
  year = {1977},
  address = {Berlin}, 
  pages = {115},
}

@ARTICLE{JCP38-425_1963,
  author = {R. W. Johnson and A. H. Daane},
  journal = {J. Chem. Phys.},
  year = {1963},
  volume = {38},
  pages = {425},
}

@ARTICLE{JSSC2-232_1970,
  author = {J. Etourneau and J.-P. Mercurio and R. Naslain and P. Hagenmueller},
  journal = {J. Solid St. Chem.},
  year = {1970},
  volume = {2},
  pages = {232},
}

@ARTICLE{JMMM31-34-447_1983,
  author = {T. Kasuya and M. Kasaya and Takkegahara and T. Fujita and T. Goto and A. Tamaki and M. Taakigawa and H. Yasuoka},
  journal = {J. Magn. Magn. Mater.},
  year = {1983},
  volume = {31-34},
  pages = {447},
}

@ARTICLE{JMMM31-34-368_1983,
  author = {T. Komatsubara and N. Sato and S. Kunii and I. Oguro and Y. Furukawa and Y. Onuki and T. Kasuya},
  journal = {J. Magn. Magn. Mater.},
  year = {1983},
  volume = {31-34},
  pages = {368},
}

@ARTICLE{Science159-530_1968,
  author = {B. T. Matthias and T. H. Geballe K. Andres and E. Corenzwit and G. W. Hull and J. P. Maita},
  journal = {Science},
  year = {1968},
  volume = {159},
  pages = {530},
}

@ARTICLE{MRB13-1055_1978,
  author = {M. Kasaya and J. M. Tarascon and J. Etourneau and P. Hagenmuller},
  journal = {Mater. Res. Bull.},
  year = {1978},
  volume = {13},
  pages = {1055},
}

@ARTICLE{JAP50-1911_1979,
  author = {Z. Fisk and D. C. Johnston and B. Cornut and S. von Molnar and S. Oseroff and R. Calvo},
  journal = {J. Appl. Phys.},
  year = {1979},
  volume = {50},
  pages = {1911},
}

@ARTICLE{SSC37-133_1981,
  author = {J. M. Tarascon and J. L. Soubeyroux and J. Etourneau and R. George and J. M. D. Coey and O. Massenet},
  journal = {Solid State Commun.},
  year = {1981},
  volume = {37},
  pages = {133},
}

@ARTICLE{PRL79-5134_1997,
  author = {L. Degiorgi and E. Felder and H. R. Ott and J. L. Sarrao and Z. Fisk},
  journal = {Phys. Rev. Lett.},
  year = {1997},
  volume = {79},
  pages = {5134},
}

@ARTICLE{PRB62-11626_2000,
  author = {S. S\"ullow and I. Prasad and M. C. Aronson and S. Bogdanovich and J. L. Sarrao and Z. Fisk},
  journal = {Phys. Rev. B},
  year = {2000},
  volume = {62},
  pages = {11626},
}

@ARTICLE{Nature397-412_1999,
  author = {D. P. Young and D. Hall and M. E. Torelli and Z. Fisk and J. L. Sarrao and J. D. Thompson and H. R. Ott and S. B. Oseroff and R. G. Goodrich and R. Zysler},
  title = {High-temperature weak ferromagnetism in a low-density free-electron gas.},
  journal = {Nature},
  year = {1999},
  volume = {397},
  pages = {412},
  month = {February},
}

@ARTICLE{Science294-1488_2001,
  author = {S. A. Wolf and D. D. Awschalom and R. A. Buhrman and J. M. Daughton and S. von Molnar and M. L. Roukes and A. Y Chtchelkanova and D. M. Treger},
  journal = {Science},
  year = {2001},
  volume = {294},
  pages = {1488},
}

@ARTICLE{PRL87-016401_2001,
  author = {H. J. Tromp and P. van Gelderen and P. J. Kelly and G. Brocks and P. A. Bobert},
  title = {CaB$_6$: A new semiconducting material for spin electronics.},
  journal = {Phys. Rev. Lett.},
  year = {2001},
  volume = {87},
  number = {1},
  pages = {016401},
  month = {July},
}

@ARTICLE{Nature402-251_1999,
  author = {M. E. Zhitomirsky and T. M. Rice and V. I. Anisimov},
  title = {Magnetic properties ferromagnetism in the hexaborides.},
  journal = {Nature},
  year = {1999},
  volume = {402},
  pages = {251},
  month = {November},
}

@ARTICLE{PRL84-1264_2000,
  author = {L. Balents and C. M. Varma},
  title = {Ferromagnetism in Doped Excitonic Insulators.},
  journal = {Phys. Rev. Lett.},
  year = {2000},
  volume = {84},
  number = {6},
  pages = {1264},
  month = {February},
}

@ARTICLE{PRL84-2207_2000,
  author = {V. Barzykin and L. P. Gor'kov},
  title = {Ferromagnetism and superstructure in Ca$_{1-x}$La$_x$B$_6$.},
  journal = {Phys. Rev. Lett.},
  year = {2000},
  volume = {84},
  number = {10},
  pages = {2207},
  month = {March},
}

@ARTICLE{PRL88-126404_2002,
  author = {S. Murakami and R. Shindou and N. Nagaosa and A. S. Mishchenko},
  title = {Theory of feeomagnetism in Ca$_{1-x}$La$_x$B$_6$.},
  journal = {Phys. Rev. Lett.},
  year = {2002},
  volume = {88},
  number = {12},
  pages = {126404},
  month = {March},
}

@ARTICLE{PRB66-184405_2002,
  author = {S. Murakami and R. Shindou and N. Nagaosa and A. S. Mishchenko},
  title = {Theory of excitonic states in CaB$_6$.},
  journal = {Phys. Rev. B},
  year = {2002},
  volume = {66},
  number = {18},
  pages = {184405},
}

@ARTICLE{Nature397-386_1999,
  author = {D. Cepeley},
  title = {Return of the itinerant electron.},
  journal = {Nature},
  year = {1999},
  volume = {397},
  pages = {386},
  month = {February},
}

@ARTICLE{PRL82-5317_1999,
  author = {G. Ortiz and M. Harris and P. Ballone},
  title = {Zero temperature phases of the electron gas.},
  journal = {Phys. Rev. Lett.},
  year = {1999},
  volume = {82},
  number = {26},
  pages = {5317},
  month = {June},
}
@ARTICLE{PRL87-157204_2001,
  author = {R. Monnier and B. Delley},
  title = {Point defects, ferromagnetism, and transport in Calcium Hexaboride},
  journal = {Phys. Rev. Lett.},
  year = {2001},
  volume = {87},
  number = {15},
  pages = {157204},
  month = {October},
}

@ARTICLE{PB312-313-808_2002,
  author = {Z. Fisk and H. R. Ott and V. Barzykin and L. P. Gor'kov},
  title = {The emerging picture of ferromagnetism in the divalent hexaborides.},
  journal = {Physica B},
  year = {2002},
  volume = {312-313},
  pages = {808},
}

@ARTICLE{Nature420-143_2002,
  author = {K. Mastubayashi and M. Maki and T. Tsuzuki and T. Nishioka and N. K. Sato},
  title = {Magnetic properties parasitic ferromagnetism in a hexaboride?},
  journal = {Nature},
  year = {2002},
  volume = {420},
  pages = {143},
  month = {November},
}

@ARTICLE{JPC12-5431_1979,
  author = {A. Hasegawa and A. Yanase},
  journal = {J. Phys. C},
  year = {1979},
  volume = {12},
  pages = {5431},
}

@ARTICLE{JPSJ69-2423_2000,
  author = {T. Terashima and C. Terakura and Y. Umeda and N. Kimura and H. Aoki and S. Kunii},
  journal = {J. Phys. Soc. Jpn.},
  year = {2000},
  volume = {69},
  pages = {2423},
}

@ARTICLE{PRB64-233105_2001,
  author = {D. Hall and D. P. Young and Z. Fisk and T. P. Murphy and E. C. Palm and A. Teklu and R. G. Goodrich},
  title = {Fermi-surface measurements on the low-carrier density ferromagnet Ca$_{1-x}$La$_x$B$_6$ and SrB$_6$.},
  journal = {Phys. Rev. B},
  year = {2001},
  volume = {64},
  number = {23},
  pages = {233105},
}

@ARTICLE{PRL89-157601_2002,
  author = {J. D. Denlinger and J. A. Clack and J. W. Allen and G.-H. Gweon and D. W. Poirier and C. G. Olson and J. L. Sarrao and A. D. Bianchi and Z. Fisk},
  title = {Bulk Band Gaps in Divalent Hexaborides.},
  journal = {Phys. Rev. Lett.},
  year = {2002},
  volume = {89},
  number = {15},
  pages = {157601},
  month = {Ocober},
}

@ARTICLE{PRL90-027202_2003,
  author = {S. Souma and H. Komatsu and T. Takahashi and R. Kaji and T. Sasaki and Y. Yokoo and J. Akimitsu},
  title = {Electronic band structure and fermi surface of CaB$_6$ studied by Angle-Resolved Photoemission Spectroscopy.},
  journal = {Phys. Rev. Lett.},
  year = {2003},
  volume = {90},
  number = {2},
  pages = {027202},
  month = {January},
}

@ARTICLE{PRL84-3903_2000,
  author = {C. O. Rodriguez and R. Weht and W. E. Pickett},
  title = {Electronic fine structure in the electron-hole plasma in SrB$_6$.},
  journal = {Phys. Rev. Lett.},
  year = {2000},
  volume = {84},
  number = {17},
  pages = {3903},
  month = {April},
}

@ARTICLE{PRB69-193105_2004,
  author = {Z. Wu and D. J. Singh and R. E. Cohen},
  title = {Electronic structure of calcium hexaboride within the weighted density approximation.},
  journal = {Phys. Rev. B},
  year = {2004},
  volume = {69},
  number = {19},
  pages = {193105},
}

@ARTICLE{PRB66-121103R_2002,
  author = {H. Kino and F. Aryasetiawan and K. Terakura and T. Miyake},
  title = {Abnormal quasiparticle shifts in CaB$_6$.},
  journal = {Phys. Rev. B},
  year = {2002},
  volume = {66},
  number = {12},
  pages = {121103(R)},
}

@ARTICLE{PRB29-893_1984,
  author = {G. Travaglini and P. Wachter},
  journal = {Phys. Rev. B},
  year = {1984},
  volume = {29},
  pages = {893},
}

@ARTICLE{CR91-651_1991,
  author = {T. Ziegler},
  journal = {Chem. Rev.},
  year = {1991},
  volume = {91},
  pages = {651},
}

@ARTICLE{PCPS23-542_1927,
  author = {L. H. Thomas},
  journal = {Proc. Cambridge Philos. Soc.},
  year = {1927},
  volume = {23},
  pages = {542},
}

@ARTICLE{ZP48-73_1928,
  author = {E. Fermi},
  journal = {Z. Phys.},
  year = {1928},
  volume = {48},
  pages = {73},
  month = {},
  note = {},
  otherinfo = {}
}

@ARTICLE{PRB136-864_1964,
  author = {P. Hohenberg and W. Kohn},
  title = {Inhomogeneous electron gas.},
  journal = {Phys. Rev. B},
  year = {1964},
  volume = {136},
  number = {},
  pages = {864},
  month = {},
  note = {},
  otherinfo = {}
}

@ARTICLE{PRA140-1133_1965,
  author = {W. Kohn and L. J. Sham},
  title = {Self-consistent equations including exchange and correlation effect.},
  journal = {Phys. Rev. A},
  year = {1965},
  volume = {140},
  number = {},
  pages = {1133},
  month = {},
  note = {},
  otherinfo = {}
}

@ARTICLE{CJP58-1200_1980,
  author = {S. H. Vosko and L. Wilk and M. Nusair},
  title = {},
  journal = {Can. J. Phys.},
  year = {1980},
  volume = {58},
  number = {},
  pages = {1200},
  month = {},
  note = {},
  otherinfo = {}
}

@ARTICLE{PRB45-13244_1992,
  author = {J. P. Perdew and Y. Wang},
  title = {Accurate and simple analytic representation of the electron-gas correlation energy.},
  journal = {Phys. Rev. B},
  year = {1992},
  volume = {45},
  number = {},
  pages = {13244},
  month = {},
  note = {},
  otherinfo = {}
}

@ARTICLE{PRA38-3098_1988,
  author = {A. D. Becke},
  title = {},
  journal = {Phys. Rev. A},
  year = {1988},
  volume = {38},
  number = {},
  pages = {3098},
  month = {},
  note = {},
  otherinfo = {}
}

@ARTICLE{PRB33-8822_1986,
  author = {J. P. Perdew},
  title = {Density functional approximation for the correlation energy of the inhomogeneous electron gas. Erratum. Density-functional approximation for the correlation energy of the inhomogeneous electron gas.},
  journal = {Phys. Rev. B},
  year = {1986},
  volume = {33},
  number = {},
  pages = {8822},
  month = {},
  note = {},
  otherinfo = {}
}

@ARTICLE{PRB37-785_1988,
  author = {C. Lee and W. Yang and R. G. Parr},
  title = {},
  journal = {Phys. Rev. B},
  year = {1988},
  volume = {37},
  number = {},
  pages = {785},
  month = {},
  note = {},
  otherinfo = {}
}

@ARTICLE{PCPS26-376_1930,
  author = {P. A. M. Dirac},
  title = {},
  journal = {Proc. Cambridge Philos. Soc.},
  year = {1930},
  volume = {26},
  number = {},
  pages = {376},
  month = {},
  note = {},
  otherinfo = {}
}

@ARTICLE{ZP96-431_1935,
  author = {C. F. von Weizsacker},
  title = {},
  journal = {Z. Phys.},
  year = {1935},
  volume = {96},
  number = {},
  pages = {431},
  month = {},
  note = {},
  otherinfo = {}
}

@BOOK{Bassani-Fumi-Tosi,
  author = {},
  editor = {F. Bassani and F. Fumi and M. P. Tosi},
  title = {W. Kohn in Highlights of Condensed Matter Theory},
  publisher = {North-Holland},
  year = {1985},
  address = {New York},
  edition = {},
  volume = {},
  number = {},
  pages = {1},
  month = {},
  note = {},
  otherinfo = {}
}

@ARTICLE{PNAS76-6062_1979,
  author = {M. Levy},
  title = {},
  journal = {Proc. Natl. Acad. Sci. USA},
  year = {1979},
  volume = {76},
  number = {},
  pages = {6062},
  month = {},
  note = {},
  otherinfo = {}
}

@ARTICLE{PRB12-2111_1975,
  author = {T. L. Gilbert},
  title = {},
  journal = {Phys. Rev. B},
  year = {1975},
  volume = {12},
  number = {},
  pages = {2111},
  month = {},
  note = {},
  otherinfo = {}
}

@ARTICLE{IJQC24-243_1983,
  author = {E. H. Lieb},
  title = {},
  journal = {Int. J. Quant. Chem.},
  year = {1983},
  volume = {24},
  number = {},
  pages = {243},
  month = {},
  note = {},
  otherinfo = {}
}

@ARTICLE{AQC6-1_1972,
  author = {J. C. Slater},
  title = {},
  journal = {Adv. Quant. Chem.},
  year = {1972},
  volume = {6},
  number = {},
  pages = {1},
  month = {},
  note = {},
  otherinfo = {}
}

@BOOK{Slater-4_1974,
  author = {J. C. Slater},
  title = {The Self-Consistent Field for Molecules and Solids},
  publisher = {McGraw-Hill},
  year = {1974},
  address = {New York},
  edition = {},
  volume = {4},
  number = {},
  series = {Quantum Theory of Molecules and Solids},
  month = {},
  note = {},
  otherinfo = {}
}

@ARTICLE{PRA20-397_1979,
  author = {G. L. Oliver and J. P. Perdew},
  title = {},
  journal = {Phys. Rev. A},
  year = {1979},
  volume = {20},
  number = {},
  pages = {397},
  month = {},
  note = {},
  otherinfo = {}
}

@ARTICLE{JCP104-1040_1996,
  author = {A. D. Becke},
  title = {},
  journal = {J. Chem. Phys.},
  year = {1996},
  volume = {104},
  number = {},
  pages = {1040},
  month = {},
  note = {},
  otherinfo = {}
}

@ARTICLE{JCP98-5648_1993,
  author = {A. D. Becke},
  title = {},
  journal = {J. Chem. Phys.},
  year = {1993},
  volume = {98},
  number = {},
  pages = {5648},
  month = {},
  note = {},
  otherinfo = {}
}

@ARTICLE{JCP98-5612_1993,
  author = {B. G. Johnson and P. M. W. Gill and J. A. Pople},
  title = {},
  journal = {J. Chem. Phys.},
  year = {1993},
  volume = {98},
  number = {},
  pages = {5612},
  month = {},
  note = {},
  otherinfo = {}
}

@ARTICLE{CPL316-160_2000,
  author = {A. J. Cohen and N. C. Handy},
  title = {},
  journal = {Chem. Phys. Lett.},
  year = {2000},
  volume = {316},
  number = {},
  pages = {160},
  month = {},
  note = {},
  otherinfo = {}
}

@ARTICLE{PRB43-6865_1991,
  author = {F. W. Kutzler and G. S. Painter},
  title = {},
  journal = {Phys. Rev. B},
  year = {1991},
  volume = {43},
  number = {},
  pages = {6865},
  month = {},
  note = {},
  otherinfo = {}
}

@ARTICLE{CPL265-481_1997,
  author = {E. J. Baerends and V. Branchadell and M. Sodupe},
  title = {},
  journal = {Chem. Phys. Lett.},
  year = {1997},
  volume = {265},
  number = {},
  pages = {481},
  month = {},
  note = {},
  otherinfo = {}
}

@ARTICLE{IJQC33-87_1988,
  author = {P. M. Boerrigter and G. T. Velde and E. J. Baerends},
  title = {},
  journal = {Int. J. Quant. Chem.},
  year = {1988},
  volume = {33},
  number = {},
  pages = {87},
  month = {},
  note = {},
  otherinfo = {}
}

@ARTICLE{JCP88-2547_1988,
  author = {A. D. Becke},
  title = {},
  journal = {J. Chem. Phys.},
  year = {1988},
  volume = {88},
  number = {},
  pages = {2547},
  month = {},
  note = {},
  otherinfo = {}
}

@ARTICLE{PRA43-5810_1991,
  author = {K. Kobayashi and N. Kurita and H. Kumnhora and K. Tago},
  title = {},
  journal = {Phys. Rev. A},
  year = {1991},
  volume = {43},
  number = {},
  pages = {5810},
  month = {},
  note = {},
  otherinfo = {}
}

@ARTICLE{CPL199-557_1992,
  author = {J. A. Pople and P. M. W. Gill and B. G. Johnson},
  title = {},
  journal = {Chem. Phys. Lett.},
  year = {1992},
  volume = {199},
  number = {},
  pages = {557},
  month = {},
  note = {},
  otherinfo = {}
}

@ARTICLE{JCP96-1280_1992,
  author = {J. Andzelm and F. E. Wimmer},
  title = {},
  journal = {J. Chem. Phys.},
  year = {1992},
  volume = {96},
  number = {},
  pages = {1280},
  month = {},
  note = {},
  otherinfo = {}
}

@MISC{Http-DFT,
  author = {},
  title = {},
  note = {},
  year = {},
  month = {},
  url = {http://www.chem.uottawa.ca/DeFT.html}
}

@ARTICLE{CPL169-387_1990,
  author = {A. St-Amant and D. R. Salahub},
  title = {},
  journal = {Chem. Phys. Lett.},
  year = {1990},
  volume = {169},
  number = {},
  pages = {387},
  month = {},
  note = {},
  otherinfo = {}
}

@MANUAL{ADF-UG_1995,
  title = {Amsterdam Density Functional \textrm{(ADF)}},
  organization = {Theoretical Chemistry, Vrijie University},
  address = {Amsterdam},
  author = {},
  edition = {},
  month = {},
  year = {1995},
  note = {},
  otherinfo = {}
}

@ARTICLE{TCA46-1_1977,
  author = {T. Ziegler and A. Rauk},
  title = {},
  journal = {Theor. Chem. Acta},
  year = {1977},
  volume = {46},
  number = {},
  pages = {1},
  month = {},
  note = {},
  otherinfo = {}
}

@ARTICLE{JCP92-508_1990,
  author = {B. Delly},
  title = {},
  journal = {J. Chem. Phys.},
  year = {1990},
  volume = {92},
  number = {},
  pages = {508},
  month = {},
  note = {},
  otherinfo = {}
}

@ARTICLE{TCA96-75_1997,
  author = {W. Liu and G. Hong and D. Dai and L. Li and M. Dolg},
  title = {},
  journal = {Theor. Chem. Acc.},
  year = {1997},
  volume = {96},
  number = {},
  pages = {75},
  month = {},
  note = {},
  otherinfo = {}
}

@ARTICLE{PRL77-3865_1996,
  author = {J. P. Perdew and S. Bruke and M. Ernzerhof},
  title = {Generalized Gradient Approximation Made Simple.},
  journal = {Phys. Rev. Lett.},
  year = {1996},
  volume = {77},
  number = {},
  pages = {3865},
  month = {},
  note = {},
  otherinfo = {}
}

@ARTICLE{JJAPS17-2-284_1978,
  author = {Y. Takakuwa And S. Suzuki and T. Sagawa},
  title = {},
  journal = {Jpn. J. Appl. Phys. Suppl.},
  year = {1978},
  volume = {17-2},
  number = {},
  pages = {284},
  month = {},
  note = {},
  otherinfo = {}
}

@ARTICLE{IJQC23-1305_1983,
  author = {L.-M Li and J.-Q. Ren and G.-X. Xu and X.-Z. Wang},
  title = {INDO studies on the electronic structure of lanthanoid compounds.},
  journal = {Int. J. Quant. Chem.},
  year = {1983},
  volume = {23},
  number = {},
  pages = {1305},
  month = {},
  note = {},
  otherinfo = {}
}

@ARTICLE{JPCA101-9314_1997,
  author = {G.-Y. Hong and X.-J. Lin and L.-M. Li and G.-X. Xu},
  title = {},
  journal = {J. Phys. Chem. A},
  year = {1997},
  volume = {101},
  number = {},
  pages = {9314},
  month = {},
  note = {},
  otherinfo = {}
}

@ARTICLE{TCA102-121_2002,
  author = {H.-G. L\"u and L.-M. Li},
  title = {},
  journal = {Theoret. Chem. Accounts},
  year = {2002},
  volume = {102},
  number = {},
  pages = {121},
  month = {},
  note = {},
  otherinfo = {}
}

@ARTICLE{ACC60-1379_2002,
  author = {王繁，黎乐民},
  title = {},
  journal = {\textit{化学学报}},
  year = {2002},
  volume = {60},
  number = {},
  pages = {1379},
  month = {},
  note = {},
  otherinfo = {}
}

@ARTICLE{Nature399-756_1999,
  author = {P. Strange and A. Svane and W. M. Temmerman and Z. Szotek and H. Winter},
  title = {Understanding the valency of rare earths from first-principles theory.},
  journal = {Nature},
  year = {1999},
  volume = {399},
  number = {},
  pages = {756},
  month = {},
  note = {},
  otherinfo = {}
}

@ARTICLE{SSC108-929_1998,
  author = {W. Henggeler and H. R. Ott and D. P. Young and Z. Fisk},
  title = {},
  journal = {Solid State Commun.},
  year = {1998},
  volume = {108},
  number = {},
  pages = {929},
  month = {},
  note = {},
  otherinfo = {}
}

@ARTICLE{PRB1-4589_1970,
  author = {S. J. Cho},
  title = {},
  journal = {Phys. Rev. B},
  year = {1970},
  volume = {1},
  number = {},
  pages = {4589},
  month = {},
  note = {},
  otherinfo = {}
}

@ARTICLE{PRB66-085205_2002,
  author = {W. Muller and W. Nolting},
  title = {},
  journal = {Phys. Rev. B},
  year = {2002},
  volume = {66},
  number = {8},
  pages = {085205},
  month = {},
  note = {},
  otherinfo = {}
}

@ARTICLE{PB388-99_2007,
  author = {N. Singh and S. M. Saini and T. Nautiyal and S. Auluck},
  title = {Theoretical investigation of the optical and magneto-optical properties of EuX (X=S,Se,and Te).},
  journal = {Phys. B},
  year = {2007},
  volume = {388},
  number = {},
  pages = {99},
  month = {},
  note = {},
  otherinfo = {}
}

@ARTICLE{PRB70-073104_2004,
  author = {S. Souma and T. Takahashi and H. Komatsu and T. Sato and H. Matsui and N. Kimura and H. Aoki and S. Kunii and J. Akimitsu},
  title = {X-ray angle-resolved photoemission spectroscopy of CaB$_6$.},
  journal = {Phys. Rev. B},
  year = {2004},
  volume = {70},
  number = {7},
  pages = {073104},
  month = {},
  note = {},
  otherinfo = {}
}

@ARTICLE{PRB56-13727_1997,
  author = {T. Susaki and T. Konishi and A. Sekiyama and T. Mizokawa and A. Fujimori and T. Iwasaki and S. Ueda and T. Matsushita and S. Suga and H. Ishii and F. Iga and M. Kasaya},
  title = {Evolution of electronic states in the Kondo alloy system Yb$_{1-x}$Lu$_x$B$_{12}$.},
  journal = {Phys. Rev. B},
  year = {1997},
  volume = {56},
  number = {21},
  pages = {13727},
  month = {December},
  note = {},
  otherinfo = {}
}

@ARTICLE{PRB65-220408R_2002,
  author = {Fumitoshi Iga and Yuki Ueda and Toshiro Takabatake and Takashi Suzuki and Wataru Higemoto and Kusuo Nishiyama and Hirofumi Kawanaka},
  title = {Evidence for a ferromagnetic transition in Yb$_{1-x}$La$_x$B$_6$ (0$\leq$x$\leq$0.006).},
  journal = {Phys. Rev. B},
  year = {2002},
  volume = {65},
  number = {22},
  pages = {220408(R)},
  month = {},
  note = {},
  otherinfo = {}
}

@ARTICLE{PRB68-014425_2003,
  author = {T. S. Altshuler and Yu. V. Goryunov and M. S. Bresler and F. Iga and T. Takabatake},
  title = {Ion pairs and spontaneous break of symmetry in the valence-fluctuating compound YbB$_{12}$.},
  journal = {Phys. Rev. B},
  year = {2003},
  volume = {68},
  number = {1},
  pages = {014425},
  month = {},
  note = {},
  otherinfo = {}
}

@ARTICLE{SPSS33-720_1991,
	author = {V. A. Sidorov and N. N. Stepanov and O. B.Tsiok},
	title = {Influence of high pressures on electrical properties of europium and ytterbium hexaborides.},
	journal = {Sov. Phys. Solid-State},
	year = {1991},
	volume = {33},
	number = {},
	pages = {720},
	month = {},
	note = {},
	otherinfo = {}
}

@ARTICLE{PRB53-16621_1996,
	author = {S. L. Molodtsov and C. Laubschat and M. Richter and Th. Gantz and A. M. Shikin},
	title = {Electronic structure of Eu and Yb graphite intercalation compounds.},
	journal = {Phys. Rev. B},
	year = {1996},
	volume = {53},
	number = {24},
	pages = {16621},
	month = {June},
	note = {},
	otherinfo = {}
}

@ARTICLE{JSSC154-87_2000,
	author = {H. Werheit and Au T and R Schmechel},
	title = {Interband transitions, IR-active phonons, and plasma vibrations of some metal hexaborides.},
	journal = {J. Solid-State Chem.},
	year = {2000},
	volume = {154},
	number = {},
	pages = {87},
	month = {},
	note = {},
	otherinfo = {}
}

@CONFERENCE{IEEE173_2002,
	author = {M. Takeda and T. Fukuda and T. Miura},
	title = {Thermoelectric properties of metal-hexaborides.},
	booktitle = {21st International Conference on Thermoelectrics, Proceedings ICT' 02},
	year = {2002},
	pages = {173},
	address = {New York},
	organization = {I. E. E. E.},
	publisher = {},
	volume = {},
	number = {},
	series = {},
	month = {},
	note = {},
	otherinfo = {}
}

@ARTICLE{PRB49-1564_1994,
	author = {Michihide Kitamura},
	title = {4\textit{f}\, levels of rare-earth hexaborides: A simple approach based on a modified orthogonalized-plane-wave method and a self-consistent-field atomic-structure calculation.},
	journal = {Phys. Rev. B},
	year = {1994},
	volume = {49},
	number = {3},
	pages = {1564},
	month = {January},
	note = {},
	otherinfo = {}
}

@ARTICLE{PRB66-165209_2002,
	author = {V. N. Antonov and B. N. Harmon and A. N. Yaresko},
	title = {Electronic structure of mixed-valence semiconductors in the LSDA+U approximation. II. SmB$_6$ and YbB$_12$.},
	journal = {Phys. Rev. B},
	year = {2002},
	volume = {66},
	number = {16},
	pages = {165209},
	month = {},
	note = {},
	otherinfo = {}
}

@ARTICLE{SSC50-903_1984,
	author = {F. Iga and Y. Takukuwa and T. Takahashi},
	title = {XPS study of rare earth dodecaborides: TmB$_{12}$.},
	journal = {Solid State Commun.},
	year = {1984},
	volume = {50},
	number = {},
	pages = {903},
	month = {},
	note = {},
	otherinfo = {}
}

@ARTICLE{PBCM186-66_1993,
	author = {Y. Mori and N. Shino and S. Imada and S. Suga and T. Nanba and M. Tomikawa and S. Kunii},
	title = {Photoemission and BIS of RB$_6$(R=rare earth element)},
	journal = {Physica B: Condensed Matter},
	year = {1993},
	volume = {186-188},
	number = {},
	pages = {66},
	month = {},
	note = {},
	otherinfo = {}
}

@ARTICLE{PRB33-8800_1986,
  author = {J. P. Perdew and Y. Wang},
  title = {},
  journal = {Phys. Rev. B},
  year = {1986},
  volume = {33},
  number = {},
  pages = {8800},
  month = {},
  note = {},
  otherinfo = {}
}

@ARTICLE{PRB46-6671_1992,
  author = {J. P. Perdew and J. A. Chevary and S. H. Vosko and K. A> Jackson and M. R. Pederson and D. J. Singh and C. Fiolhais},
  title = {},
  journal = {Phys. Rev. B},
  year = {1992},
  volume = {46},
  number = {},
  pages = {6671},
  month = {},
  note = {},
  otherinfo = {}
}

@ARTICLE{PRB48-4978_1993,
  author = {Erratum},
  title = {},
  journal = {Phys. Rev. B},
  year = {1993},
  volume = {48},
  number = {},
  pages = {4978},
  month = {},
  note = {},
  otherinfo = {}
}

@ARTICLE{PRB54-16533_1996,
  author = {J. P. Perdew and K. Burke and Y. Wang},
  title = {},
  journal = {Phys. Rev. B},
  year = {1996},
  volume = {54},
  number = {},
  pages = {16533},
  month = {},
  note = {},
  otherinfo = {}
}

@ARTICLE{PRB57-14999_1998,
  author = {Erratum},
  title = {},
  journal = {Phys. Rev. B},
  year = {1998},
  volume = {57},
  number = {},
  pages = {14999},
  month = {},
  note = {},
  otherinfo = {}
}

@ARTICLE{PRL77-1396_1996,
  author = {J. P. Perdew and K. Burke and M. Ernzerhof},
  title = {},
  journal = {Phys. Rev. Lett.},
  year = {1996},
  volume = {77},
  number = {},
  pages = {1396},
  month = {},
  note = {},
  otherinfo = {}
}

@ARTICLE{IBID78-1396_1997,
  author = {Erratum},
  title = {},
  journal = {ibid},
  year = {1997},
  volume = {78},
  number = {},
  pages = {1396},
  month = {},
  note = {},
  otherinfo = {}
}

@ARTICLE{JCP109-6264_1998,
  author = {F. A. Hamprecht and A. J. Cohen and D. J. Tozer and N. C. Handy},
  title = {},
  journal = {J. Chem. Phys.},
  year = {1998},
  volume = {109},
  number = {},
  pages = {6264},
  month = {},
  note = {},
  otherinfo = {}
}

@ARTICLE{PRA39-3761_1989,
  author = {A. D. Becke and M. R. Roussel},
  title = {},
  journal = {Phys. Rev. A},
  year = {1989},
  volume = {39},
  number = {},
  pages = {3761},
  month = {},
  note = {},
  otherinfo = {}
}

@ARTICLE{JCP109-400_1998,
  author = {T. V. Voorhis and G. E. Scuseria},
  title = {},
  journal = {J. Chem. Phys.},
  year = {1998},
  volume = {109},
  number = {},
  pages = {400},
  month = {},
  note = {},
  otherinfo = {}
}

@ARTICLE{JCP111-911_1999,
  author = {M. Ernzerhof and G. E. Scuseria},
  title = {},
  journal = {J. Chem. Phys.},
  year = {1999},
  volume = {111},
  number = {},
  pages = {911},
  month = {},
  note = {},
  otherinfo = {}
}

@ARTICLE{PRL82-2544_1999,
  author = {J. P. Perdew and S. Kurth and A. Zupan and P. Blaha},
  title = {},
  journal = {Phys. Rev. Lett.},
  year = {1999},
  volume = {82},
  number = {},
  pages = {2544},
  month = {},
  note = {},
  otherinfo = {}
}

@ARTICLE{PRL82-5179_1999,
  author = {Erratum},
  title = {},
  journal = {Phys. Rev. Lett.},
  year = {1999},
  volume = {82},
  number = {},
  pages = {5179},
  month = {},
  note = {},
  otherinfo = {}
}

@ARTICLE{JCP112-4020_2000,
  author = {A. D. Becke},
  title = {},
  journal = {J. Chem. Phys.},
  year = {2000},
  volume = {112},
  number = {},
  pages = {4020},
  month = {},
  note = {},
  otherinfo = {}
}

@ARTICLE{JCP113-10013_2000,
  author = {E. Proynov and H. CHermette and D. R. Salahub},
  title = {},
  journal = {J. Chem. Phys.},
  year = {2000},
  volume = {113},
  number = {},
  pages = {10013},
  month = {},
  note = {},
  otherinfo = {}
}

@ARTICLE{JCP98-1372_1993,
  author = {A. D. Becke},
  title = {},
  journal = {J. Chem. Phys.},
  year = {1993},
  volume = {98},
  number = {},
  pages = {1372},
  month = {},
  note = {},
  otherinfo = {}
}

@ARTICLE{JPC98-11623_1994,
  author = {P. J. Stevens and J. F. Devlin and C. F. Chabalowski and M. J. Frisch},
  title = {},
  journal = {J. Phys. Chem.},
  year = {1994},
  volume = {98},
  number = {},
  pages = {11623},
  month = {},
  note = {},
  otherinfo = {}
}

@ARTICLE{JCP104-1040_1995,
  author = {A. D. Becke},
  title = {},
  journal = {J. Chem. Phys.},
  year = {1995},
  volume = {104},
  number = {},
  pages = {1040},
  month = {},
  note = {},
  otherinfo = {}
}

@ARTICLE{PR46-1002_1934,
  author = {E. Wigner},
  title = {},
  journal = {Phys. Rev.},
  year = {1934},
  volume = {46},
  number = {},
  pages = {1002},
  month = {},
  note = {},
  otherinfo = {}
}

@ARTICLE{JPC5-1629_1972,
  author = {U. von Barth and L. Hedin},
  title = {},
  journal = {J. Phys. C},
  year = {1972},
  volume = {5},
  number = {},
  pages = {1629},
  month = {},
  note = {},
  otherinfo = {}
}

@ARTICLE{PRB13-4274_1976,
  author = {O. Gunnarsson and B. I. Lundqvist},
  title = {},
  journal = {Phys. Rev. B},
  year = {1976},
  volume = {13},
  number = {},
  pages = {4274},
  month = {},
  note = {},
  otherinfo = {}
}

@ARTICLE{PRL45-566_1980,
  author = {D. M. Ceperley and B. J. Alder},
  title = {},
  journal = {Phys. Rev. Lett.},
  year = {1980},
  volume = {45},
  number = {},
  pages = {56},
  month = {},
  note = {},
  otherinfo = {}
}

@ARTICLE{JCP88-1053_1988,
  author = {A. D. Becke},
  title = {},
  journal = {J. Chem. Phys.},
  year = {1988},
  volume = {88},
  number = {},
  pages = {1053},
  month = {},
  note = {},
  otherinfo = {}
}

@BOOK{Perdew-Schmidt,
  author = {J. P. Perdew and K. Schmidt},
  editor = {V. E. van Doren and K. van Alseoy and P. Geerlings},
  title = {In Density Functional Theory and Its Applications to Materials},
  publisher = {American Institute of Physics},
  year = {2001},
  address = {},
  edition = {},
  volume = {},
  number = {},
  series = {},
  month = {},
  note = {},
  otherinfo = {}
}

@ARTICLE{MP91-847_1997,
  author = {M. Filatov and W. Thiel},
  title = {},
  journal = {Mol. Phys.},
  year = {1997},
  volume = {91},
  number = {},
  pages = {847},
  month = {},
  note = {},
  otherinfo = {}
}

@ARTICLE{JCP99-8765_1993,
  author = {G. J. Laming, V. Termath and N. C. Handy},
  title = {},
  journal = {J. Chem. Phys.},
  year = {1993},
  volume = {99},
  number = {},
  pages = {8765},
  month = {},
  note = {},
  otherinfo = {}
}

@ARTICLE{JCP84-4524_1986,
  author = {A. D. Becke},
  title = {},
  journal = {J. Chem. Phys.},
  year = {1986},
  volume = {84},
  number = {},
  pages = {4524},
  month = {},
  note = {},
  otherinfo = {}
}

@ARTICLE{PRA47-4681_1993,
  author = {D. J. Lacks and R. G. Gordon},
  title = {},
  journal = {Phys. Rev. A},
  year = {1993},
  volume = {47},
  number = {},
  pages = {4681},
  month = {},
  note = {},
  otherinfo = {}
}

@ARTICLE{TCA37-329_1975,
  author = {R. Colle and D. Salvetti},
  title = {},
  journal = {Theor. Chim. Acta.},
  year = {1975},
  volume = {},
  number = {37},
  pages = {329},
  month = {},
  note = {},
  otherinfo = {}
}

@ARTICLE{PRC5-1472_1972,
  author = {J. W. Negele and D. Vantherin},
  title = {},
  journal = {Phys. Rev. C},
  year = {1972},
  volume = {5},
  number = {},
  pages = {1472},
  month = {},
  note = {},
  otherinfo = {}
}

@ARTICLE{PRC11-1030_1975,
  author = {J. W. Negele and D. Vantherin},
  title = {},
  journal = {Phys. Rev. C},
  year = {1975},
  volume = {11},
  number = {},
  pages = {1030},
  month = {},
  note = {},
  otherinfo = {}
}

@ARTICLE{TCA49-143_1978,
  author = {H. Stoll and C. M. E. Pavlidou and H. Preuss},
  title = {},
  journal = {Thero. Chim. Acta.},
  year = {1978},
  volume = {49},
  number = {},
  pages = {143},
  month = {},
  note = {},
  otherinfo = {}
}

@ARTICLE{JCP107-8554_1997,
  author = {A. D. Becke},
  title = {},
  journal = {J. Chem. Phys.},
  year = {1997},
  volume = {107},
  number = {},
  pages = {8554},
  month = {},
  note = {},
  otherinfo = {}
}

@ARTICLE{JCP109-2092_1998,
  author = {A. D. Becke},
  title = {},
  journal = {J. Chem. Phys.},
  year = {1998},
  volume = {109},
  number = {},
  pages = {2092},
  month = {},
  note = {},
  otherinfo = {}
}

@ARTICLE{JCP110-6158_1999,
  author = {C. Adamo and V. Barone},
  title = {},
  journal = {J. Chem. Phys.},
  year = {1999},
  volume = {110},
  number = {},
  pages = {6158},
  month = {},
  note = {},
  otherinfo = {}
}

@ARTICLE{ZPB77-287_1989,
  author = {R. M. Nowotny and K. Binder},
  title = {},
  journal = {Z. Phys. B},
  year = {1989},
  volume = {77},
  number = {},
  pages = {287},
  month = {},
  note = {},
  otherinfo = {}
}

@ARTICLE{PR141-51_1986,
  author = {A. Mauger and C. Godart},
  title = {},
  journal = {Phys. Rep.},
  year = {1986},
  volume = {141},
  number = {},
  pages = {51},
  month = {},
  note = {},
  otherinfo = {}
}

@BOOK{Wachter,
  author = {P. Wachter},
  editor = {K. A. Gschneidner and L. Eyring},
  title = {Handbook on the Physics and Chemistry of Rare Earths},
  publisher = {},
  year = {1979},
  address = {North-Holland, Amsterdam},
  edition = {},
  volume = {},
  number = {},
  series = {},
  pages = {507},
  month = {},
  note = {},
  otherinfo = {}
}

@ARTICLE{PRB60-8117_1999,
  author = {H. Krenn and W. Herbst and H. Pascher and Y. Ueta and G. Springholz and G. Bauer},
  title = {Interband Faraday and Kerr rotation and magnetization of Pb$_{1-x}$Eu$_x$Te in the concentration range 0<x$\leq$1.},
  journal = {Phys. Rev. B},
  year = {1999},
  volume = {60},
  number = {2},
  pages = {8117},
  month = {September},
  note = {},
  otherinfo = {}
}

@ARTICLE{SSC9-2219_1971,
  author = {R. Griessen and M. Landolt and H. R. Ott},
  title = {},
  journal = {Solid State Commun.},
  year = {1971},
  volume = {9},
  number = {},
  pages = {2219},
  month = {},
  note = {},
  otherinfo = {}
}

@ARTICLE{PRB14-4897_1976,
  author = {L. Passell and O. W. Dietrich and J. Als-Nielsen},
  title = {},
  journal = {Phys. Rev. B},
  year = {1976},
  volume = {14},
  number = {},
  pages = {4897},
  month = {},
  note = {},
  otherinfo = {}
}

@ARTICLE{PRB22-5447_1980,
  author = {H. G. Bohn and W. Zinn and B. Dorner and A. Kollmar},
  title = {},
  journal = {Phys. Rev. B},
  year = {1980},
  volume = {22},
  number = {},
  pages = {5447},
  month = {},
  note = {},
  otherinfo = {}
}

@BOOK{Oppeneer-Antonov,
  author = {P. M. Oppeneer and V. N. Antonov},
  editor = {H. Ebert and G. Schutz},
  title = {Spin-Orbit-Influenced Spectroscopies of Magnetic Solids},
  publisher = {Springer},
  year = {1996},
  address = {Berlin},
  edition = {},
  volume = {},
  number = {},
  pages = {29},
  series = {},
  month = {},
  note = {},
  otherinfo = {}
}

@ARTICLE{PRB64-115110_2001,
  author = {D. Singh and V. Srivastava and M. Rajagopalan and M. Husain and A. K. Bandyopadhayay},
  title = {},
  journal = {Phys. Rev. B},
  year = {2001},
  volume = {64},
  number = {},
  pages = {115110},
  month = {},
  note = {},
  otherinfo = {}
}

@ARTICLE{SSC112-39_1999,
  author = {D. Singh and M. Rajagopalan and A. K. Bandyopadhayay},
  title = {},
  journal = {Solid State Commun.},
  year = {1999},
  volume = {112},
  number = {},
  pages = {39},
  month = {},
  note = {},
  otherinfo = {}
}

@ARTICLE{ibid115-323_2000,
  author = {D. Singh and M. Rajagopalan and M. Husain and A. K. Bandyopadhayay},
  title = {},
  journal = {\textit{ibid}},
  year = {2000},
  volume = {115},
  number = {},
  pages = {323},
  month = {},
  note = {},
  otherinfo = {}
}

@ARTICLE{PCM18-37_1974,
  author = {G. G\"untherodt},
  title = {},
  journal = {Phys. Cond. Matter},
  year = {1974},
  volume = {18},
  number = {},
  pages = {37},
  month = {},
  note = {},
  otherinfo = {}
}

@ARTICLE{PRB12-3829_1975,
  author = {J. Vitins and P. Wachter},
  title = {},
  journal = {Phys. Rev. B},
  year = {1975},
  volume = {12},
  number = {},
  pages = {3829},
  month = {},
  note = {},
  otherinfo = {}
}

@BOOK{Jenkins-White,
  author = {F. A. Jenkins and H. E. White},
  editor = {},
  title = {Fundamentals of Optics},
  publisher = {McGraw-Hill Book Company, Inc},
  year = {1950},
  address = {New York},
  edition = {},
  volume = {},
  number = {},
  pages = {597},
  series = {},
  month = {},
  note = {p.597 and Chap. 28},
  otherinfo = {}
}

@ARTICLE{PRB60-14105_1999,
  author = {A. Delin and S. Auluck and O. Eriksson and B. Johansson and J. M. Wills},
  title = {},
  journal = {Phys. Rev. B},
  year = {1999},
  volume = {60},
  number = {},
  pages = {14105},
  month = {},
  note = {},
  otherinfo = {}
}

@ARTICLE{PRB34-6943_1986,
  author = {D. U. Bartholomew and J. K. Furdyna and A. K. Ramdas},
  title = {},
  journal = {Phys. Rev. B},
  year = {1986},
  volume = {34},
  number = {},
  pages = {6943},
  month = {},
  note = {},
  otherinfo = {}
}

@ARTICLE{PRB33-823_1986,
	author = {L. F. Mattheiss and D. R. Hamann},
	title = {Linear augmented-plane-wave calculation of the structural properties of bulk Cr, Mo and W.},
	journal = {Phys. Rev. B},
	year = {1986},
	volume = {33},
	number = {2},
	pages = {823},
	month = {January},
	note = {},
	otherinfo = {}
}

@ARTICLE{PRB75-235102_2007,
	author = {M. Shishkin and G.Kresse},
	title = {Self-consistent GW calculations for semiconductors and insulators.},
	journal = {Phys. Rev. B},
	year = {2007},
	volume = {75},
	number = {23},
	pages = {2005},
	month = {},
	note = {Septembe},
	otherinfo = {}
}

@ARTICLE{PRB72-155337_2005,
  author = {A. B. Henriques and A. Wierts and M.A.Manfrini and G. Springholz and P. H. O. Rappl and E. Abramof and A. Y. Ueta},
  title = {Band-edge polarized optical absorption in europium chalcogenides.},
  journal = {Phys. Rev. B},
  year = {2005},
  volume = {72},
  number = {15},
  pages = {155337},
  month = {October},
  note = {},
  otherinfo = {}
}

@ARTICLE{AP34-107_1984,
  author = {H. Pascher},
  title = {},
  journal = {Appl. Phys.},
  year = {1984},
  volume = {34},
  number = {},
  pages = {107},
  month = {},
  note = {},
  otherinfo = {}
}

@BOOK{Bauer,
  author = {G. Bauer},
  editor = {Wl. Zawadzki},
  title = {Narrow Gap Semiconductors, Physics and Applications},
  publisher = {Springer},
  year = {1980},
  address = {Berlin},
  edition = {},
  volume = {133},
  number = {},
  series = {Lecture Notes in Physics},
  pages = {427},
  month = {},
  note = {},
  otherinfo = {}
}

@PHDTHESIS{Dennis,
  author = {R. B. Dennis},
  title = {},
  school = {University of Reading},
  year = {1969},
  address = {},
  type = {},
  month = {},
  note = {},
  otherinfo = {}
}

@ARTICLE{JPCM16-5061_2004,
  author = {M. Horne and P. Strange and W. M. Temmerman and Z. Szotek and A. Svane and H. Winter},
  title = {},
  journal = {J. Phys. Condens. Matter},
  year = {2004},
  volume = {16},
  number = {},
  pages = {5061},
  month = {},
  note = {},
  otherinfo = {}
}

@ARTICLE{PKUAS32-172_1996,
  author = {洪功义，刘文剑，黎乐民},
  title = {},
  journal = {\textit{北京大学学报}\textrm{(自然科学版)}},
  year = {1996},
  volume = {32},
  number = {},
  pages = {172},
  month = {},
  note = {},
  otherinfo = {}
}

@UNPUBLISHED{myunpublished_1,
  author = {姜骏，卞江，黎乐民},
  title = {},
  note = {待发表},
  year = {},
  month = {},
  otherinfo = {}
}

%%%%%%%%%%%%%%%%%%%%%%%%%%%%%%%%%%%%%%%%%%%%%%%%%%%%%%%%%%%%%%%%%%%%%%%%%%%%%%%%%%%%%%%%%%%%%%%%%%%%%%%%%%%%%%%%%%%%%%%%%%%%%%%%%%%%%%%%%%%%%%%%%%%%%%%%%%%%%%%%%%%%%%%%%%%%%%%%%
%%%%%%%%%%%%%%%%%%%%%%%%%%%%%%%%%%%%%%%%%%%%%%%%%%%%%%%%%% 			Reference for PAW		%%%%%%%%%%%%%%%%%%%%%%%%%%%%%%%%%%%%%%%%%%%%%%%%%%%%%%%%%%%%%%%%%
@ARTICLE{PRB50-17953_1994,
	author = {P. E. Bl\"ochl},
	title = {Projector augmented-wave method},
	journal = {Phys. Rev. B},
	year = {1994},
	volume = {50},
	number = {24},
	pages = {17953},
	month = {December},
	note = {},
	otherinfo = {}
}

@ARTICLE{PRB59-1758_1999,
	author = {G. Kresse and D. Joubert},
	title = {From ultrasoft pseudopotentials to the projector augmented-wave method},
	journal = {Phys. Rev. B},
	year = {1999},
	volume = {59},
	number = {3},
	pages = {1758},
	month = {January},
	note = {},
	otherinfo = {}
}

@ARTICLE{CPC135-329_2001,
	author = {N. A. W. Holzwarth and A. R. Tackett and G. E. Matthews},
	title = {A projector Augmented Wave (PAW) code for electronic structure calculations, Part I: atompaw for generating atom-centered functions},
	journal = {Comp. Phys. Commun},
	year = {2001},
	volume = {135},
	number = {},
	pages = {329},
	month = {},
	note = {},
	otherinfo = {}
}

@ARTICLE{CPC135-348_2001,
	author = {A. R. Tackett and N. A. W. Holzwarth and G. E. Matthews},
	title = {A projector Augmented Wave (PAW) code for electronic structure calculations, Part II: pwpaw for periodic solids in a plane wave basis},
	journal = {Comp. Phys. Commun},
	year = {2001},
	volume = {135},
	number = {},
	pages = {348},
	month = {},
	note = {},
	otherinfo = {}
}

@ARTICLE{CMS25-478_2002,
	author = {X. Gonze and J.-M. Beuken and R. Caracas and F. Detraus and M. Fuchs and G.-M. Rignanese L. Sindic and M. Verstraete and G. Zerah and F. Jollet and M. Torrent and A. Roy and M. Mikami and Ph. Ghosez and J.-Y. Raty and D. C. Allan},
	title = {First-principle computation of material properties: the ABINIT software project},
	journal = {Comp. Mater. Sci.},
	year = {2002},
	volume = {25},
	number = {},
	pages = {478},
	month = {},
	note = {},
	otherinfo = {}
}

@TECHREPORT{Atompaw_note,
	author = {N. A. W. Holzwarth},
	title = {Note for revised form of atompaw code},
	institution = {Wake Forest University},
	year = {2008},
	type = {},
	number = {},
	address = {Winston-Salem, NC},
	month = {},
	note = {},
	otherinfo = {}
}

@ARTICLE{PRB55-2005_1997,
	author = {N. A. W. Holzwarth and G. E. Matthews and R. B. Dunning and A. R. Tackett and Y. Zeng},
	title = {Comparison of the projector augmented-wave, pseudopotential and linearized augmented-plane-wave formalisms for density-functional calculations of solids},
	journal = {Phys. Rev. B},
	year = {1997},
	volume = {55},
	number = {4},
	pages = {2005},
	month = {January},
	note = {},
	otherinfo = {}
}

@ARTICLE{JPCM21-394402_2009,
	author = {P. Giannozzi and S. Baroni and N. Bonini and M. Calandra and R. Car and C. Cavazzoni and D. Ceresoli and G.L. Chiarotti and M. Cococcioni and I. Dabo and A.D. Corso and S. de Gironcoli and S. Fabris and G. Fratesi and R. Gebauer and U. Gerstmann and C. Gougoussis and A. Kokalj and M. Lazzeri and L. Martin-Samos and N. Marzari and F. Mauri and R. Mazzarello and S. Paolini and A. Pasquarello and L. Paulatto and C. Sbraccia and S. Scandolo and G. Sclauzero and A.P. Seitsonen and A. Smogunov and P. Umari and R.M. Wentzcovitch},
	title = {Quantum espresso: a modular and open-source software project for quantum simulations of materials},
	journal = {J. Phys.: Condens. Matter},
	year = {2009},
	volume = {21},
	number = {},
	pages = {394402},
	month = {},
	note = {},
	otherinfo = {}
}

@ARTICLE{PRB41-7892_1990,
	author = {D.Vanderbilt},
	title = {Soft self-consistent pseudopotentials in a generalized eigenvalue formlism},
	journal = {Phys. Rev. B},
	year = {1990},
	volume = {41},
	number = {11},
	pages = {7892},
	month = {April},
	note = {},
	otherinfo = {}
}

@ARTICLE{PRB41-1227_1990,
	author = {Andrew. M. Rappe and Karin M. Rabe and Efthimios Kaxiras and J. D. Joannopoulos},
	title = {Optimized pseudopotentials},
	journal = {Phys. Rev. B},
	year = {1990},
	volume = {41},
	number = {2},
	pages = {1227},
	month = {January},
	note = {},
	otherinfo = {}
}

%%%%%%%%%%%%%%%%%%%%% 2018-03-01 %%%%%%%%%%%%%%%%%%%%%%
@ARTICLE{Science268-1738_1995,
	author = {X. D. Xiang and X. Sun and G. Briceno and Y. Lou and K.-A. Wang and H. Chang and W.G. Wallace-Freedman and S.-W. Chen and P. G. Schultz},
	title = {},
	journal = {Science},
	year = {1995},
	volume = {268},
	number = {},
	pages = {1738},
	month = {},
	note = {},
	otherinfo = {}
}

@ARTICLE{Nat-Mat3-429_2004,
	author = {H. Koinuma and I. Takeuchi},
	title = {},
	journal = {Nature Materials},
	year = {2004},
	volume = {3},
	number = {},
	pages = {429},
	month = {},
	note = {},
	otherinfo = {}
}

@ARTICLE{App-CataA254-5_2003,
	author = {J. L. Spivack and J. N. Cawse and D. W. Whisenhunt and B.F. Johnson and K. V. Shalyaev and T. M. Jordan and M. R. Brennan and R. J. Kilmer and E. D. Williams},
	title = {},
	journal = {Applied Catalysis A: General},
	year = {2003},
	volume = {254},
	number = {},
	pages = {5},
	month = {},
	note = {},
	otherinfo = {}
}

@ARTICLE{JACS125-4306_2003,
	author = {T. R. Bousie and G. M. Diamond and C. Goh and K. A. Hall and A. M. Lapointe and M. Leclerc and C. Lund and V. Murphy and J. A. W. Shoemaker and U. Tracht and H. Turner and J. Zhang and T. Uno and R. K. Rosen and J. C. Stevens},
	title = {},
	journal = {Jourmal of the American Chemical Society},
	year = {2003},
	volume = {125},
	number = {},
	pages = {4306},
	month = {},
	note = {},
	otherinfo = {}
}

@ARTICLE{JCC5-472_2003,
	author = {R. A. Potyrailo and B. J. Chisholm and W. G. Morris and J. N. Cawse and W. P. Flanagan and L. Hassib and C. A. Molaison and K. Ezbiansky and G. Medford and H. Reitz},
	title = {},
	journal = {Journal of Computational Chemistry},
	year = {2003},
	volume = {5},
	number = {},
	pages = {472},
	month = {},
	note = {},
	otherinfo = {}
}

@ARTICLE{Nature392-694_1998,
	author = {Y.-M. Chiang and D. R. Sadoway and M. K. Aydinol and Y.-I. Jang and B. Huang and C. Ceder},
	title = {},
	journal = {Nature},
	year = {1998},
	volume = {392},
	number = {},
	pages = {694},
	month = {},
	note = {},
	otherinfo = {}
}

@ARTICLE{PRL88-255506_2002,
	author = {G. H. J\'{o}hannesson and T. Bligaard and A. V. Ruban and H. L. Skriver and K. W. Jacobsen and J. K. N{\o}rskov},
	title = {},
	journal = {Phys. Rev. Lett.},
	year = {2002},
	volume = {88},
	number = {},
	pages = {255506},
	month = {},
	note = {},
	otherinfo = {}
}

@ARTICLE{Nano-Lett3-1183_2003,
	author = {D. P. Stucke and V. H. Crespi},
	title = {},
	journal = {Nano Letters},
	year = {2003},
	volume = {88},
	number = {},
	pages = {1183},
	month = {},
	note = {},
	otherinfo = {}
}

@ARTICLE{PRL91-135503_2003,
	author = {S. Curtarolo and D. Morgan and K. Persson and J. Rodgers and G. Ceder},
	title = {},
	journal = {Phys. Rev. Lett.},
	year = {2003},
	volume = {91},
	number = {},
	pages = {135503},
	month = {},
	note = {},
	otherinfo = {}
}

@ARTICLE{Calphad29-163_2005,
	author = {S. Curtarolo and D. Morgan and G. Ceder},
	title = {},
	journal = {Calphad},
	year = {2005},
	volume = {29},
	number = {},
	pages = {163},
	month = {},
	note = {},
	otherinfo = {}
}
@ARTICLE{APL83-4527_2003,
	author = {T. Bligaard and G. H. Johannesson and A. V. Ruban and H. L. Skriver and K. W. Jacobsen and J. K. N{\o}rskov},
	title = {},
	journal = {Appl. Phys. Lett.},
	year = {2003},
	volume = {83},
	number = {},
	pages = {4527},
	month = {},
	note = {},
	otherinfo = {}
}

@ARTICLE{JCata239-501_2006,
	author = {M. P. Anderson and T. Blidgaard and K.E.L.A. Kustov and J. Greeley and T. Johannessen and C. H. Christensen and J. K. N{\o}rskov},
	title = {},
	journal = {Journal of Catalysis},
	year = {2006},
	volume = {239},
	number = {},
	pages = {501},
	month = {},
	note = {},
	otherinfo = {}
}

@ARTICLE{CMS49-299_2010,
	author = {W. Setyawan, S. Curtarolo},
	title = {High-throughput electronic band structure calculations: Challenges and tools.},
	journal = {Comput. Mater. Sci.},
	year = {2010},
	volume = {49},
	number = {},
	pages = {299},
	month = {},
	note = {},
	otherinfo = {}
}
@BOOK{Numerical_Recipes,
	author = {W.H. Press and B. P. Flannery and S.A. Teukolsky and W.T. Vetterling},
	editor = {},
	title = {Numerical Recipes: The Art of Scientific Computing},
	publisher = {Cambridge University Press},
	year = {1986},
	address = {},
	edition = {},
	volume = {},
	number = {},
	series = {},
	month = {},
	note = {},
	otherinfo = {}
}

@ARTICLE{Science298-759_2002,
	author = {A. E. Mattsson},
	title = {The pursuit of the ``divine'' functional},
	journal = {Science},
	year = {2002},
	volume = {298},
	number = {25},
	pages = {759},
	month = {October},
	note = {},
	otherinfo = {}
}

@BOOK{Perdew-Schmit_2001,
	author = {J. P. Perdew and K. Schmidt},
	editor = {V. E. Van Doren and C. Van Alsenoy and P. Geerlings},
	title = {Density Functional Theory and Its Application to Materials},
	publisher = {AIP Press},
	year = {2001},
	address = {Melville, New York},
	edition = {illustrated},
	volume = {},
	number = {},
	series = {},
	month = {},
	note = {},
	otherinfo = {}
}

@ARTICLE{PRL91-146401_2003,
	author = {J. Tao and J. P. Perdew},
	title = {Climbing the Density Functional Ladder: Nonempirical Meta–Generalized Gradient Approximation Designed for Molecules and Solids},
	journal = {Phys. Rev. Lett.},
	year = {2003},
	volume = {91},
	number = {14},
	pages = {146401},
	month = {October},
	note = {},
	otherinfo = {}
}

@ARTICLE{PRB26-4119_1982,
	author = {G. B. Bachelet and D. R. Hamann and M. Schluter},
	title = {},
	journal = {Phys. Rev. B},
	year = {1982},
	volume = {26},
	number = {},
	pages = {4119},
	month = {},
	note = {},
	otherinfo = {}
}

@ARTICLE{PRB40-2980_1989,
	author = {D. R. Hamann},
	title = {},
	journal = {Phys. Rev. B},
	year = {1989},
	volume = {40},
	number = {},
	pages = {2089},
	month = {},
	note = {},
	otherinfo = {}
}

@MANUAL{VASP_manual,
	title = {VASP the Guide},
	organization = {Computational Materials Physics, Faculty of Physics, Universit\"at Wien},
	address = {Sensengasse 8/12, A-1090 Wien, Austria},
	author = {G. Kresse and M. Marsman and J. Furthm\"uller},
	edition = {},
	month = {April},
	year = {2016},
	note = {},
	otherinfo = {}
	url = {http://cms.mpi.univie.ac.at/VASP/}
}

@ARTICLE{PRB47-10142_1993,
	author = {K. Laasonen and A. Pasquarello and R. Car and C. Lee and D. Vanderbilt},
	title = {Car-Parrinello molecular dynamics with Vanderbilt ultrasoft pseudopotentials},
	journal = {Phys. Rev. B},
	year = {1993},
	volume = {47},
	number = {16},
	pages = {10142},
	month = {April},
	note = {},
	otherinfo = {}
}

@ARTICLE{JPCM6-8245_1994,
	author = {G. Kresse and J. Hafner},
	title = {Norm-conserving and ultrasoft pseudopotentials for first-row and transition elements},
	journal = {J. Phys.: Condens. Matter},
	year = {1994},
	volume = {6},
	number = {},
	pages = {8245},
	month = {},
	note = {},
	otherinfo = {}
}

@ARTICLE{JCP125-104101_2006,
	author = {M. Marsman and G. Kresse},
	title = {Relaxed core projector-augmented-wave metho},
	journal = {J. Chem. Phys.},
	year = {2006},
	volume = {125},
	number = {},
	pages = {104101},
	month = {},
	note = {},
	otherinfo = {}
}

@BOOK{Comput_Phys,
	author = {J. M. Thijssen},
	editor = {},
	title = {Computational Physics},
	publisher = {Cambridge University Press},
	year = {2007},
	address = {The Edinburgh Building, Cambridge CB2 8RU, UK},
	edition = {2nd},
	volume = {},
	number = {},
	series = {},
	month = {},
	note = {},
	otherinfo = {}
}


